<record><header><identifier>oai:alma.41SLSP_UGE:991000024229705502</identifier><datestamp>2024-10-17T00:10:10Z</datestamp><setSpec>uge_bcen_RapidILL_BOOK</setSpec><setSpec>uge_aaca_RapidILL_BOOK</setSpec><setSpec>uge_abels_RapidILL_BOOK</setSpec><setSpec>uge_dbu_RapidILL_BOOK</setSpec><setSpec>uge_cmu_RapidILL_BOOK</setSpec><setSpec>uge_mail_RapidILL_BOOK</setSpec><setSpec>uge_abbat_RapidILL_BOOK</setSpec><setSpec>UNIGE_ALL</setSpec><setSpec>uge_aobs_RapidILL_BOOK</setSpec><setSpec>uge_acar_RapidILL_BOOK</setSpec></header><metadata>
<record xmlns="http://www.loc.gov/MARC21/slim" xmlns:xsi="http://www.w3.org/2001/XMLSchema-instance" xsi:schemaLocation="http://www.loc.gov/MARC21/slim http://www.loc.gov/standards/marcxml/schema/MARC21slim.xsd"><leader>02471nam a2200601 c 4500</leader><controlfield tag="001">991000024229705502</controlfield><controlfield tag="005">20241016184847.0</controlfield><controlfield tag="008">201011s2006    dk ||||| |||| 00| ||eng d</controlfield><datafield ind1=" " ind2=" " tag="010"><subfield code="a">2006281636</subfield></datafield><datafield ind1=" " ind2=" " tag="020"><subfield code="a">8778389968</subfield><subfield code="q">pbk.</subfield></datafield><datafield ind1=" " ind2=" " tag="020"><subfield code="a">9788778389961</subfield></datafield><datafield ind1=" " ind2=" " tag="035"><subfield code="a">(swissbib)22805950X-41slsp_network</subfield></datafield><datafield ind1=" " ind2=" " tag="035"><subfield code="a">22805950X</subfield><subfield code="9">ExL</subfield></datafield><datafield ind1=" " ind2=" " tag="035"><subfield code="a">(RERO)R004095696-41slsp</subfield></datafield><datafield ind1=" " ind2=" " tag="035"><subfield code="a">(NEBIS)005317474EBI01</subfield></datafield><datafield ind1=" " ind2=" " tag="035"><subfield code="a">(IDSBB)003893965DSV01</subfield></datafield><datafield ind1=" " ind2=" " tag="035"><subfield code="a">(OCoLC)62554237</subfield></datafield><datafield ind1=" " ind2=" " tag="035"><subfield code="a">(EXLNZ-41SLSP_NETWORK)991127444139705501</subfield></datafield><datafield ind1=" " ind2=" " tag="040"><subfield code="a">RERO labcud</subfield><subfield code="d">CH-ZuSLS</subfield></datafield><datafield ind1=" " ind2=" " tag="050"><subfield code="a">DG204.D66</subfield><subfield code="b">C37 2006</subfield></datafield><datafield ind1=" " ind2="7" tag="072"><subfield code="a">ha</subfield><subfield code="2">rero</subfield></datafield><datafield ind1=" " ind2="7" tag="072"><subfield code="a">ag</subfield><subfield code="2">SzZuIDS BS/BE</subfield></datafield><datafield ind1="0" ind2="4" tag="082"><subfield code="a">937 .6</subfield><subfield code="2">22</subfield></datafield><datafield ind1="0" ind2="4" tag="082"><subfield code="a">937/.6</subfield><subfield code="2">22</subfield></datafield><datafield ind1="1" ind2="4" tag="082"><subfield code="a">930</subfield><subfield code="2">15</subfield></datafield><datafield ind1=" " ind2=" " tag="084"><subfield code="a">NH 7325</subfield><subfield code="2">rvk</subfield></datafield><datafield ind1="1" ind2=" " tag="100"><subfield code="a">Carlsen, Jesper</subfield><subfield code="d">19..-....</subfield><subfield code="0">(IDREF)033885478</subfield><subfield code="4">cre</subfield></datafield><datafield ind1="1" ind2="0" tag="245"><subfield code="a">&lt;&lt;The&gt;&gt; rise and fall of a Roman noble family</subfield><subfield code="b">the Domitii Ahenobarbi, 196 BC - AD 68</subfield><subfield code="c">Jesper Carlsen</subfield></datafield><datafield ind1=" " ind2="1" tag="264"><subfield code="a">Odense</subfield><subfield code="b">University Press of Southern Denmark</subfield><subfield code="c">2006</subfield></datafield><datafield ind1=" " ind2=" " tag="300"><subfield code="a">259 p.</subfield><subfield code="b">ill.</subfield></datafield><datafield ind1=" " ind2=" " tag="336"><subfield code="b">txt</subfield><subfield code="2">rdacontent</subfield></datafield><datafield ind1=" " ind2=" " tag="337"><subfield code="b">n</subfield><subfield code="2">rdamedia</subfield></datafield><datafield ind1=" " ind2=" " tag="338"><subfield code="b">nc</subfield><subfield code="2">rdacarrier</subfield></datafield><datafield ind1="1" ind2=" " tag="490"><subfield code="a">University of Southern Denmark studies in history and social sciences</subfield><subfield code="v">vol. 314</subfield></datafield><datafield ind1=" " ind2=" " tag="504"><subfield code="a">Includes bibliographical references and indexes</subfield></datafield><datafield ind1=" " ind2=" " tag="504"><subfield code="a">Bibliography: S. 215-228</subfield></datafield><datafield ind1="0" ind2="7" tag="600"><subfield code="a">Domitii Ahenobarbi</subfield><subfield code="c">(famille)</subfield><subfield code="0">(RERO)A012722801</subfield><subfield code="2">rero</subfield></datafield><datafield ind1="3" ind2="7" tag="600"><subfield code="a">Domitius Ahenobarbus (Familie)</subfield><subfield code="2">idszbz</subfield></datafield><datafield ind1="3" ind2="0" tag="600"><subfield code="a">Domitii family</subfield></datafield><datafield ind1="3" ind2="7" tag="600"><subfield code="a">Domitius Ahenobarbus</subfield><subfield code="c">Familie</subfield><subfield code="d">v196-98</subfield><subfield code="0">(DE-588)131742221</subfield><subfield code="2">gnd</subfield></datafield><datafield ind1="0" ind2="7" tag="600"><subfield code="a">Domitius Ahenobarbus</subfield><subfield code="c">Familie</subfield><subfield code="2">idsbb</subfield></datafield><datafield ind1=" " ind2="7" tag="648"><subfield code="a">Geschichte 0-100</subfield><subfield code="2">idszbz</subfield></datafield><datafield ind1=" " ind2="7" tag="648"><subfield code="a">Geschichte 100 v.Chr.-0</subfield><subfield code="2">idszbz</subfield></datafield><datafield ind1=" " ind2="7" tag="648"><subfield code="a">Geschichte 200 v.Chr.-100 v.Chr</subfield><subfield code="2">idszbz</subfield></datafield><datafield ind1=" " ind2="7" tag="650"><subfield code="a">196 av. J.-C.-68</subfield><subfield code="2">idref</subfield></datafield><datafield ind1=" " ind2="0" tag="650"><subfield code="a">Upper class families</subfield><subfield code="z">Rome</subfield><subfield code="v">Biography</subfield></datafield><datafield ind1=" " ind2="7" tag="650"><subfield code="a">Adel</subfield><subfield code="z">Römer</subfield><subfield code="y">Geschichte Republik</subfield><subfield code="2">idsbb</subfield></datafield><datafield ind1=" " ind2="0" tag="651"><subfield code="a">Rome</subfield><subfield code="x">History</subfield><subfield code="y">Julio-Claudians, 30 B.C.-68 A.D</subfield></datafield><datafield ind1=" " ind2="0" tag="651"><subfield code="a">Rome</subfield><subfield code="x">History</subfield><subfield code="y">Republic, 265-30 B.C</subfield></datafield><datafield ind1="4" ind2=" " tag="856"><subfield code="3">Titelblatt und Inhaltsverzeichnis</subfield><subfield code="u">https://toc.library.ethz.ch/objects/pdf/z01_978-87-7838-996-1_01.pdf</subfield><subfield code="q">pdf</subfield></datafield><datafield ind1=" " ind2="0" tag="830"><subfield code="a">Odense University studies in history and social sciences</subfield><subfield code="v">314</subfield><subfield code="w">(RERO)0009859-41slsp</subfield></datafield><datafield ind1=" " ind2="0" tag="830"><subfield code="a">University of Southern Denmark studies in history and social sciences</subfield><subfield code="v">314</subfield><subfield code="w">(NEBIS)004526736EBI01</subfield></datafield><datafield ind1=" " ind2=" " tag="900"><subfield code="a">IDSZ2zbzmon200809f</subfield><subfield code="c">IDSZ2gabr</subfield><subfield code="d">IDSZ2zbzswk200810b</subfield><subfield code="e">IDSZ2brue</subfield></datafield><datafield ind1=" " ind2=" " tag="949"><subfield code="a">https://toc.library.ethz.ch/objects/pdf/z01_978-87-7838-996-1_01.pdf</subfield></datafield></record>
</metadata></record>