<record><header><identifier>oai:alma.41SLSP_UGE:991000024329705502</identifier><datestamp>2024-03-01T01:18:59Z</datestamp><setSpec>uge_bcen_RapidILL_BOOK</setSpec><setSpec>uge_aaca_RapidILL_BOOK</setSpec><setSpec>uge_abels_RapidILL_BOOK</setSpec><setSpec>uge_dbu_RapidILL_BOOK</setSpec><setSpec>uge_cmu_RapidILL_BOOK</setSpec><setSpec>uge_mail_RapidILL_BOOK</setSpec><setSpec>uge_abbat_RapidILL_BOOK</setSpec><setSpec>UNIGE_ALL</setSpec><setSpec>uge_acar_RapidILL_BOOK</setSpec><setSpec>uge_aobs_RapidILL_BOOK</setSpec></header><metadata>
<record xmlns="http://www.loc.gov/MARC21/slim" xmlns:xsi="http://www.w3.org/2001/XMLSchema-instance" xsi:schemaLocation="http://www.loc.gov/MARC21/slim http://www.loc.gov/standards/marcxml/schema/MARC21slim.xsd"><leader>03840nam a2200877 c 4500</leader><controlfield tag="001">991000024329705502</controlfield><controlfield tag="005">20240229143551.0</controlfield><controlfield tag="008">201011s2017    gw ||||| m    00| ||ger| </controlfield><datafield ind1=" " ind2=" " tag="015"><subfield code="a">16,N20</subfield><subfield code="2">dnb</subfield></datafield><datafield ind1="7" ind2=" " tag="016"><subfield code="a">1100073868</subfield><subfield code="2">DE-101</subfield></datafield><datafield ind1=" " ind2=" " tag="020"><subfield code="a">3770560825</subfield></datafield><datafield ind1=" " ind2=" " tag="020"><subfield code="a">9783770560820</subfield><subfield code="q">Broschur</subfield><subfield code="c">circa EUR 41.10 (AT), circa sfr 48.70 (freier Preis), circa EUR 39.90 (DE)</subfield></datafield><datafield ind1="3" ind2=" " tag="024"><subfield code="a">9783770560820</subfield></datafield><datafield ind1=" " ind2=" " tag="035"><subfield code="a">(swissbib)212004077-41slsp_network</subfield></datafield><datafield ind1=" " ind2=" " tag="035"><subfield code="a">212004077</subfield><subfield code="9">ExL</subfield></datafield><datafield ind1=" " ind2=" " tag="035"><subfield code="a">(IDSLU)001274781ILU01</subfield></datafield><datafield ind1=" " ind2=" " tag="035"><subfield code="a">(IDSBB)006683915DSV01</subfield></datafield><datafield ind1=" " ind2=" " tag="035"><subfield code="a">(NEBIS)010695212EBI01</subfield></datafield><datafield ind1=" " ind2=" " tag="035"><subfield code="a">(RERO)R008672852-41slsp</subfield></datafield><datafield ind1=" " ind2=" " tag="035"><subfield code="a">(DE-599)DNB1100073868</subfield></datafield><datafield ind1=" " ind2=" " tag="035"><subfield code="a">(OCoLC)950027046</subfield></datafield><datafield ind1=" " ind2=" " tag="035"><subfield code="a">(EXLNZ-41SLSP_NETWORK)991024555839705501</subfield></datafield><datafield ind1=" " ind2=" " tag="040"><subfield code="a">1145</subfield><subfield code="b">ger</subfield><subfield code="e">rda</subfield><subfield code="d">CH-ZuSLS</subfield></datafield><datafield ind1="0" ind2=" " tag="041"><subfield code="a">ger</subfield></datafield><datafield ind1=" " ind2=" " tag="044"><subfield code="c">XA-DE-NW</subfield></datafield><datafield ind1=" " ind2="7" tag="072"><subfield code="a">012</subfield><subfield code="2">IDS LU</subfield></datafield><datafield ind1=" " ind2="7" tag="072"><subfield code="a">ba</subfield><subfield code="2">rero</subfield></datafield><datafield ind1="1" ind2=" " tag="080"><subfield code="a">7CHAR7Bul</subfield></datafield><datafield ind1="1" ind2="4" tag="082"><subfield code="a">700</subfield><subfield code="2">15</subfield></datafield><datafield ind1="1" ind2="4" tag="082"><subfield code="a">750</subfield><subfield code="2">15</subfield></datafield><datafield ind1=" " ind2=" " tag="084"><subfield code="a">700</subfield><subfield code="2">sdnb</subfield></datafield><datafield ind1=" " ind2=" " tag="084"><subfield code="a">LI 22100</subfield><subfield code="2">rvk</subfield></datafield><datafield ind1=" " ind2=" " tag="084"><subfield code="a">1</subfield><subfield code="2">sdnb</subfield></datafield><datafield ind1=" " ind2=" " tag="084"><subfield code="a">750</subfield><subfield code="2">sdnb</subfield></datafield><datafield ind1="1" ind2=" " tag="100"><subfield code="a">Hosseini, Anita</subfield><subfield code="0">(IDREF)234533242</subfield><subfield code="4">cre</subfield></datafield><datafield ind1="1" ind2="0" tag="245"><subfield code="a">&lt;&lt;Die&gt;&gt; Experimentalkultur in einer Seifenblase</subfield><subfield code="b">das epistemische Potenzial in Chardins Malerei</subfield><subfield code="c">Anita Hosseini</subfield></datafield><datafield ind1=" " ind2="1" tag="264"><subfield code="a">Paderborn</subfield><subfield code="b">Wilhelm Fink</subfield><subfield code="c">[2017]</subfield></datafield><datafield ind1=" " ind2=" " tag="300"><subfield code="a">357 Seiten</subfield><subfield code="b">Illustrationen</subfield><subfield code="c">23.3 cm x 15.7 cm</subfield></datafield><datafield ind1=" " ind2=" " tag="336"><subfield code="b">txt</subfield><subfield code="2">rdacontent</subfield></datafield><datafield ind1=" " ind2=" " tag="337"><subfield code="b">n</subfield><subfield code="2">rdamedia</subfield></datafield><datafield ind1=" " ind2=" " tag="338"><subfield code="b">nc</subfield><subfield code="2">rdacarrier</subfield></datafield><datafield ind1=" " ind2=" " tag="502"><subfield code="g">&gt;Leicht überarbeitete</subfield><subfield code="b">Dissertation</subfield><subfield code="c">Universität Lüneburg</subfield><subfield code="d">2015</subfield></datafield><datafield ind1="1" ind2="7" tag="600"><subfield code="a">Chardin, Jean Baptiste Siméon</subfield><subfield code="d">1699-1779</subfield><subfield code="0">(DE-588)118520121</subfield><subfield code="2">gnd</subfield></datafield><datafield ind1="1" ind2="7" tag="600"><subfield code="a">Chardin, Jean Baptiste Siméon</subfield><subfield code="d">1699-1779</subfield><subfield code="t">&lt;&lt;Les&gt;&gt; Bulles de Savon</subfield><subfield code="0">(DE-588)108244250X</subfield><subfield code="2">gnd</subfield></datafield><datafield ind1="1" ind2="0" tag="600"><subfield code="a">Chardin, Jean Baptiste Siméon</subfield><subfield code="d">1699-1779</subfield><subfield code="x">Aesthetics</subfield></datafield><datafield ind1="1" ind2="0" tag="600"><subfield code="a">Chardin, Jean Baptiste Siméon</subfield><subfield code="d">1699-1779</subfield><subfield code="t">Soap bubbles</subfield></datafield><datafield ind1="1" ind2="7" tag="600"><subfield code="a">Wright, Joseph</subfield><subfield code="d">1734-1797</subfield><subfield code="0">(DE-588)118812785</subfield><subfield code="2">gnd</subfield></datafield><datafield ind1="1" ind2="7" tag="600"><subfield code="a">Chardin, Jean-Baptiste Siméon.</subfield><subfield code="t">Les bulles de savon</subfield><subfield code="0">(RERO)A010063140</subfield><subfield code="2">rero</subfield></datafield><datafield ind1=" " ind2="7" tag="648"><subfield code="a">Geschichte 1700-1800</subfield><subfield code="2">gnd</subfield></datafield><datafield ind1=" " ind2="7" tag="650"><subfield code="a">Farbe</subfield><subfield code="0">(DE-588)4016443-3</subfield><subfield code="2">gnd</subfield></datafield><datafield ind1=" " ind2="7" tag="650"><subfield code="a">Licht</subfield><subfield code="0">(DE-588)4035596-2</subfield><subfield code="2">gnd</subfield></datafield><datafield ind1=" " ind2="7" tag="650"><subfield code="a">Optik</subfield><subfield code="0">(DE-588)4043650-0</subfield><subfield code="2">gnd</subfield></datafield><datafield ind1=" " ind2="7" tag="650"><subfield code="a">Seifenblase</subfield><subfield code="0">(DE-588)4180735-2</subfield><subfield code="2">gnd</subfield></datafield><datafield ind1=" " ind2="7" tag="650"><subfield code="a">Experiment</subfield><subfield code="g">Motiv</subfield><subfield code="0">(DE-588)4509416-0</subfield><subfield code="2">gnd</subfield></datafield><datafield ind1=" " ind2="7" tag="650"><subfield code="a">Naturwissenschaften</subfield><subfield code="0">(DE-588)4041421-8</subfield><subfield code="2">gnd</subfield></datafield><datafield ind1=" " ind2="7" tag="650"><subfield code="a">Experiment</subfield><subfield code="0">(DE-588)4015999-1</subfield><subfield code="2">gnd</subfield></datafield><datafield ind1=" " ind2="7" tag="650"><subfield code="a">Visuelle Wahrnehmung</subfield><subfield code="0">(DE-588)4078921-4</subfield><subfield code="2">gnd</subfield></datafield><datafield ind1=" " ind2="0" tag="650"><subfield code="a">Art and science</subfield><subfield code="x">History</subfield><subfield code="y">18th century</subfield></datafield><datafield ind1=" " ind2="7" tag="650"><subfield code="a">ERKENNTNISTHEORIE + EPISTEMOLOGIE (PHILOSOPHIE)</subfield><subfield code="9">ger</subfield><subfield code="0">(ETHUDK)000009635</subfield><subfield code="2">ethudk</subfield></datafield><datafield ind1=" " ind2="7" tag="650"><subfield code="a">MALEREI</subfield><subfield code="9">ger</subfield><subfield code="0">(ETHUDK)000035829</subfield><subfield code="2">ethudk</subfield></datafield><datafield ind1=" " ind2="7" tag="650"><subfield code="a">REZEPTION (KUNST, ARCHITEKTUR)</subfield><subfield code="9">ger</subfield><subfield code="0">(ETHUDK)000048808</subfield><subfield code="2">ethudk</subfield></datafield><datafield ind1=" " ind2="7" tag="650"><subfield code="a">WISSENSCHAFTLICHES EXPERIMENT (WISSENSCHAFTSTHEORIE)</subfield><subfield code="9">ger</subfield><subfield code="0">(ETHUDK)000009706</subfield><subfield code="2">ethudk</subfield></datafield><datafield ind1=" " ind2="7" tag="655"><subfield code="a">Hochschulschrift</subfield><subfield code="2">gnd-content</subfield></datafield><datafield ind1=" " ind2="7" tag="655"><subfield code="a">Thèses et écrits académiques</subfield><subfield code="0">(IDREF)027253139</subfield><subfield code="2">idref</subfield></datafield><datafield ind1=" " ind2=" " tag="690"><subfield code="a">Chardin, Jean(-Baptiste) Siméon</subfield><subfield code="2">uzb-US</subfield></datafield><datafield ind1=" " ind2=" " tag="690"><subfield code="a">Malerei. Wissenschaft</subfield><subfield code="2">uzb-US</subfield></datafield><datafield ind1=" " ind2=" " tag="690"><subfield code="a">Newton, Isaac (Physiker)</subfield><subfield code="2">uzb-US</subfield></datafield><datafield ind1=" " ind2=" " tag="690"><subfield code="a">Optik</subfield><subfield code="2">uzb-US</subfield></datafield><datafield ind1=" " ind2=" " tag="690"><subfield code="a">Stofflichkeit</subfield><subfield code="2">uzb-US</subfield></datafield><datafield ind1=" " ind2=" " tag="690"><subfield code="a">Diderot, Denis</subfield><subfield code="2">uzb-US</subfield></datafield><datafield ind1=" " ind2=" " tag="690"><subfield code="a">Wright of Derby, Joseph</subfield><subfield code="2">uzb-US</subfield></datafield><datafield ind1="4" ind2=" " tag="856"><subfield code="3">Titelblatt und Inhaltsverzeichnis</subfield><subfield code="u">https://toc.library.ethz.ch/objects/pdf03/z01_978-3-7705-6082-0_01.pdf</subfield><subfield code="q">pdf</subfield></datafield><datafield ind1="4" ind2="2" tag="856"><subfield code="q">text/html</subfield><subfield code="u">https://deposit.dnb.de/cgi-bin/dokserv?id=f6691c25099842139fddee6109427fd8&amp;prov=M&amp;dok_var=1&amp;dok_ext=htm</subfield><subfield code="z">Inhaltstext</subfield></datafield><datafield ind1=" " ind2=" " tag="900"><subfield code="a">IDSZ2zbzmon201707l</subfield><subfield code="c">IDSZ2tres</subfield><subfield code="d">IDSZ2zbzswk201707g</subfield><subfield code="e">IDSZ2schl</subfield></datafield><datafield ind1=" " ind2=" " tag="900"><subfield code="a">REROnoselfmerge</subfield></datafield><datafield ind1=" " ind2=" " tag="949"><subfield code="a">https://toc.library.ethz.ch/objects/pdf03/z01_978-3-7705-6082-0_01.pdf</subfield></datafield><datafield ind1=" " ind2=" " tag="949"><subfield code="a">https://deposit.dnb.de/cgi-bin/dokserv?id=f6691c25099842139fddee6109427fd8&amp;prov=M&amp;dok_var=1&amp;dok_ext=htm</subfield></datafield><datafield ind1=" " ind2=" " tag="993"><subfield code="a">BFLA 277558</subfield><subfield code="x">ge/ulha/a/17/0714</subfield><subfield code="9">LOCAL</subfield></datafield></record>
</metadata></record>