<record><header><identifier>oai:alma.41SLSP_UGE:991000024009705502</identifier><datestamp>2024-10-16T00:24:13Z</datestamp><setSpec>uge_bcen_RapidILL_BOOK</setSpec><setSpec>uge_aaca_RapidILL_BOOK</setSpec><setSpec>uge_abels_RapidILL_BOOK</setSpec><setSpec>uge_dbu_RapidILL_BOOK</setSpec><setSpec>uge_cmu_RapidILL_BOOK</setSpec><setSpec>uge_mail_RapidILL_BOOK</setSpec><setSpec>uge_abbat_RapidILL_BOOK</setSpec><setSpec>UNIGE_ALL</setSpec><setSpec>uge_aobs_RapidILL_BOOK</setSpec><setSpec>uge_acar_RapidILL_BOOK</setSpec></header><metadata>
<record xmlns="http://www.loc.gov/MARC21/slim" xmlns:xsi="http://www.w3.org/2001/XMLSchema-instance" xsi:schemaLocation="http://www.loc.gov/MARC21/slim http://www.loc.gov/standards/marcxml/schema/MARC21slim.xsd"><leader>02778nam a2200589 c 4500</leader><controlfield tag="001">991000024009705502</controlfield><controlfield tag="005">20240308231243.0</controlfield><controlfield tag="008">201012s2012    gw ||||| m||| 00| ||ger d</controlfield><datafield ind1=" " ind2=" " tag="020"><subfield code="a">9783826049279</subfield></datafield><datafield ind1=" " ind2=" " tag="035"><subfield code="a">(swissbib)240436210-41slsp_network</subfield></datafield><datafield ind1=" " ind2=" " tag="035"><subfield code="a">240436210</subfield><subfield code="9">ExL</subfield></datafield><datafield ind1=" " ind2=" " tag="035"><subfield code="a">(RERO)R007622817-41slsp</subfield></datafield><datafield ind1=" " ind2=" " tag="035"><subfield code="a">(NEBIS)009723945EBI01</subfield></datafield><datafield ind1=" " ind2=" " tag="035"><subfield code="a">(IDSBB)005973290DSV01</subfield></datafield><datafield ind1=" " ind2=" " tag="035"><subfield code="a">(ABN)000692174ABN01</subfield></datafield><datafield ind1=" " ind2=" " tag="035"><subfield code="a">(EXLNZ-41SLSP_NETWORK)991017680769705501</subfield></datafield><datafield ind1=" " ind2=" " tag="040"><subfield code="a">GyFmDB</subfield><subfield code="d">CH-ZuSLS</subfield></datafield><datafield ind1=" " ind2="7" tag="072"><subfield code="a">al</subfield><subfield code="2">rero</subfield></datafield><datafield ind1=" " ind2="7" tag="072"><subfield code="a">nd</subfield><subfield code="2">SzZuIDS BS/BE</subfield></datafield><datafield ind1="0" ind2="4" tag="082"><subfield code="a">833.9</subfield><subfield code="2">23</subfield></datafield><datafield ind1="0" ind2="4" tag="082"><subfield code="a">831.912</subfield><subfield code="2">22/ger</subfield></datafield><datafield ind1="1" ind2="4" tag="082"><subfield code="a">830</subfield><subfield code="2">15</subfield></datafield><datafield ind1=" " ind2=" " tag="084"><subfield code="a">GM 5165</subfield><subfield code="2">rvk</subfield></datafield><datafield ind1="1" ind2=" " tag="100"><subfield code="a">Walisch, Raoul</subfield><subfield code="0">(IDREF)175619956</subfield><subfield code="4">cre</subfield></datafield><datafield ind1="1" ind2="0" tag="245"><subfield code="a">&quot;Dass wir nicht sehr verlässlich zu Haus sind in der gedeuteten Welt&quot;</subfield><subfield code="b">Untersuchung zur Thematik der gedeuteten Welt in Rilkes &quot;Die Aufzeichnung des Malte Laurids Brigge&quot;, &quot;Duineser Elegien&quot; und spätester Lyrik</subfield><subfield code="c">Raoul Walisch</subfield></datafield><datafield ind1=" " ind2="1" tag="264"><subfield code="a">Würzburg</subfield><subfield code="b">Königshausen &amp; Neumann</subfield><subfield code="c">2012</subfield></datafield><datafield ind1=" " ind2=" " tag="300"><subfield code="a">496 S.</subfield><subfield code="c">24 cm</subfield></datafield><datafield ind1=" " ind2=" " tag="336"><subfield code="b">txt</subfield><subfield code="2">rdacontent</subfield></datafield><datafield ind1=" " ind2=" " tag="337"><subfield code="b">n</subfield><subfield code="2">rdamedia</subfield></datafield><datafield ind1=" " ind2=" " tag="338"><subfield code="b">nc</subfield><subfield code="2">rdacarrier</subfield></datafield><datafield ind1="1" ind2=" " tag="490"><subfield code="a">Epistemata, Reihe Literaturwissenschaft</subfield><subfield code="v">Bd. 762</subfield></datafield><datafield ind1=" " ind2=" " tag="502"><subfield code="a">Zugl.: Diss. 2010, Ruprecht-Karls-Univ. Heidelberg</subfield></datafield><datafield ind1=" " ind2=" " tag="504"><subfield code="a">Literaturverz. S. 465-496</subfield></datafield><datafield ind1="1" ind2="7" tag="600"><subfield code="a">Rilke, Rainer Maria</subfield><subfield code="d">1875-1926</subfield><subfield code="t">&lt;&lt;Die &gt;&gt;Aufzeichnungen des Malte Laurids Brigge</subfield><subfield code="0">(IDREF)02757279X</subfield><subfield code="2">idref</subfield></datafield><datafield ind1="1" ind2="7" tag="600"><subfield code="a">Rilke, Rainer Maria.</subfield><subfield code="t">Duineser Elegien</subfield><subfield code="0">(RERO)A010141164</subfield><subfield code="2">rero</subfield></datafield><datafield ind1="1" ind2="7" tag="600"><subfield code="a">Rilke, Rainer Maria</subfield><subfield code="d">1875-1926</subfield><subfield code="0">(IDREF)027100596</subfield><subfield code="2">idref</subfield></datafield><datafield ind1="1" ind2="7" tag="600"><subfield code="a">Rilke, Rainer Maria</subfield><subfield code="d">1875-1926</subfield><subfield code="0">(DE-588)118601024</subfield><subfield code="2">gnd</subfield></datafield><datafield ind1="1" ind2="0" tag="600"><subfield code="a">Rilke, Rainer Maria</subfield><subfield code="d">1875-1926</subfield><subfield code="x">Criticism and interpretation</subfield></datafield><datafield ind1="1" ind2="7" tag="600"><subfield code="a">Rilke, Rainer Maria</subfield><subfield code="d">1875-1926</subfield><subfield code="t">&lt;&lt;Die&gt;&gt; Aufzeichnungen des Malte Laurids Brigge</subfield><subfield code="0">(DE-588)4099330-9</subfield><subfield code="2">gnd</subfield></datafield><datafield ind1="1" ind2="7" tag="600"><subfield code="a">Rilke, Rainer Maria</subfield><subfield code="d">1875-1926</subfield><subfield code="t">Duineser Elegien</subfield><subfield code="0">(DE-588)4124064-9</subfield><subfield code="2">gnd</subfield></datafield><datafield ind1=" " ind2="7" tag="648"><subfield code="a">Geschichte 1923-1926</subfield><subfield code="2">gnd</subfield></datafield><datafield ind1=" " ind2="7" tag="650"><subfield code="a">Poésie</subfield><subfield code="0">(IDREF)027247465</subfield><subfield code="2">idref</subfield></datafield><datafield ind1=" " ind2="7" tag="650"><subfield code="a">Lyrik</subfield><subfield code="0">(DE-588)4036774-5</subfield><subfield code="2">gnd</subfield></datafield><datafield ind1=" " ind2="7" tag="650"><subfield code="a">Weltbild</subfield><subfield code="0">(DE-588)4065352-3</subfield><subfield code="2">gnd</subfield></datafield><datafield ind1=" " ind2="7" tag="655"><subfield code="a">Hochschulschrift</subfield><subfield code="2">gnd-content</subfield></datafield><datafield ind1=" " ind2="0" tag="830"><subfield code="a">Epistemata</subfield><subfield code="p">Reihe Literaturwissenschaft</subfield><subfield code="v">762</subfield><subfield code="w">(IDSBB)000018255DSV01</subfield></datafield><datafield ind1="4" ind2=" " tag="856"><subfield code="3">Titelblatt und Inhaltsverzeichnis</subfield><subfield code="u">https://toc.library.ethz.ch/objects/pdf03/z01_978-3-8260-4927-9_01.pdf</subfield><subfield code="q">pdf</subfield></datafield><datafield ind1="4" ind2=" " tag="856"><subfield code="u">https://deposit.dnb.de/cgi-bin/dokserv?id=4053957&amp;prov=M&amp;dok_var=1&amp;dok_ext=htm</subfield><subfield code="3">Abstract</subfield></datafield><datafield ind1=" " ind2=" " tag="900"><subfield code="a">REROnoselfmerge</subfield></datafield><datafield ind1=" " ind2=" " tag="900"><subfield code="a">IDSZ2zbzmon201305l</subfield><subfield code="c">IDSZ2hilb</subfield><subfield code="d">IDSZ2zbzswk201307b</subfield><subfield code="e">IDSZ2boxm</subfield></datafield><datafield ind1=" " ind2=" " tag="910"><subfield code="a">GyFmDB</subfield><subfield code="b">20140131</subfield><subfield code="c">Droits réservés</subfield></datafield><datafield ind1=" " ind2=" " tag="949"><subfield code="a">https://toc.library.ethz.ch/objects/pdf03/z01_978-3-8260-4927-9_01.pdf</subfield></datafield><datafield ind1=" " ind2=" " tag="949"><subfield code="a">https://deposit.dnb.de/cgi-bin/dokserv?id=4053957&amp;prov=M&amp;dok_var=1&amp;dok_ext=htm</subfield></datafield></record>
</metadata></record>