<record><header><identifier>oai:alma.41SLSP_UGE:991000024449705502</identifier><datestamp>2023-03-01T01:08:48Z</datestamp><setSpec>uge_bcen_RapidILL_BOOK</setSpec><setSpec>uge_aaca_RapidILL_BOOK</setSpec><setSpec>uge_abels_RapidILL_BOOK</setSpec><setSpec>uge_dbu_RapidILL_BOOK</setSpec><setSpec>uge_cmu_RapidILL_BOOK</setSpec><setSpec>uge_mail_RapidILL_BOOK</setSpec><setSpec>UNIGE_ALL</setSpec><setSpec>uge_abbat_RapidILL_BOOK</setSpec><setSpec>uge_acar_RapidILL_BOOK</setSpec><setSpec>uge_aobs_RapidILL_BOOK</setSpec></header><metadata>
<record xmlns="http://www.loc.gov/MARC21/slim" xmlns:xsi="http://www.w3.org/2001/XMLSchema-instance" xsi:schemaLocation="http://www.loc.gov/MARC21/slim http://www.loc.gov/standards/marcxml/schema/MARC21slim.xsd"><leader>11554nam a2201393 c 4500</leader><controlfield tag="001">991000024449705502</controlfield><controlfield tag="005">20230201200402.0</controlfield><controlfield tag="008">050113m20049999ru ||||| |||| 00| ||rus d</controlfield><datafield ind1=" " ind2=" " tag="020"><subfield code="a">5852703206</subfield></datafield><datafield ind1=" " ind2=" " tag="020"><subfield code="a">5852703265</subfield><subfield code="q">T. Rossija</subfield></datafield><datafield ind1=" " ind2=" " tag="020"><subfield code="a">585270329X</subfield><subfield code="q">T. 1</subfield></datafield><datafield ind1=" " ind2=" " tag="020"><subfield code="a">5852703303</subfield><subfield code="q">T. 2</subfield></datafield><datafield ind1=" " ind2=" " tag="020"><subfield code="a">5852703311</subfield><subfield code="q">T. 3</subfield></datafield><datafield ind1=" " ind2=" " tag="020"><subfield code="a">5852703338</subfield><subfield code="q">T. 4</subfield></datafield><datafield ind1=" " ind2=" " tag="020"><subfield code="a">5852703346</subfield><subfield code="q">T. 5</subfield></datafield><datafield ind1=" " ind2=" " tag="020"><subfield code="a">5852703354</subfield><subfield code="q">T. 6</subfield></datafield><datafield ind1=" " ind2=" " tag="020"><subfield code="a">5852703370</subfield><subfield code="q">T. 7</subfield></datafield><datafield ind1=" " ind2=" " tag="020"><subfield code="a">5852703389</subfield><subfield code="q">T. 8</subfield></datafield><datafield ind1=" " ind2=" " tag="020"><subfield code="a">5852703397</subfield><subfield code="q">T. 9</subfield></datafield><datafield ind1=" " ind2=" " tag="020"><subfield code="a">9785852703415</subfield><subfield code="q">T. 10</subfield></datafield><datafield ind1=" " ind2=" " tag="020"><subfield code="a">9785852703422</subfield><subfield code="q">T. 11</subfield></datafield><datafield ind1=" " ind2=" " tag="020"><subfield code="a">9785852703439</subfield><subfield code="q">T. 12</subfield></datafield><datafield ind1=" " ind2=" " tag="020"><subfield code="a">9785852703446</subfield><subfield code="q">T. 13</subfield></datafield><datafield ind1=" " ind2=" " tag="020"><subfield code="a">9785852703453</subfield><subfield code="q">T. 14</subfield></datafield><datafield ind1=" " ind2=" " tag="020"><subfield code="a">9785852703460</subfield><subfield code="q">T. 15</subfield></datafield><datafield ind1=" " ind2=" " tag="020"><subfield code="a">9785852703477</subfield><subfield code="q">T. 16</subfield></datafield><datafield ind1=" " ind2=" " tag="020"><subfield code="a">9785852703507</subfield><subfield code="q">T. 17</subfield></datafield><datafield ind1=" " ind2=" " tag="020"><subfield code="a">9785852703514</subfield><subfield code="q">T. 18</subfield></datafield><datafield ind1=" " ind2=" " tag="020"><subfield code="a">9785852703538</subfield><subfield code="q">T. 19</subfield></datafield><datafield ind1=" " ind2=" " tag="020"><subfield code="a">9785852703545</subfield><subfield code="q">T. 20</subfield></datafield><datafield ind1=" " ind2=" " tag="020"><subfield code="a">9785852703552</subfield><subfield code="q">T. 21</subfield></datafield><datafield ind1=" " ind2=" " tag="020"><subfield code="a">9785852703583</subfield><subfield code="q">T. 22</subfield></datafield><datafield ind1=" " ind2=" " tag="020"><subfield code="a">9785852703606</subfield><subfield code="q">T. 23</subfield></datafield><datafield ind1=" " ind2=" " tag="020"><subfield code="a">9785852703613</subfield><subfield code="q">T. 24</subfield></datafield><datafield ind1=" " ind2=" " tag="020"><subfield code="a">9785852703620</subfield><subfield code="q">T. 25</subfield></datafield><datafield ind1=" " ind2=" " tag="020"><subfield code="a">9785852703637</subfield><subfield code="q">T. 26</subfield></datafield><datafield ind1=" " ind2=" " tag="020"><subfield code="a">9785852703644</subfield><subfield code="q">T. 27</subfield></datafield><datafield ind1=" " ind2=" " tag="020"><subfield code="a">9785852703651</subfield><subfield code="q">T. 28</subfield></datafield><datafield ind1=" " ind2=" " tag="020"><subfield code="a">9785852703668</subfield><subfield code="q">T. 29</subfield></datafield><datafield ind1=" " ind2=" " tag="020"><subfield code="a">9785852703675</subfield><subfield code="q">T. 30</subfield></datafield><datafield ind1=" " ind2=" " tag="035"><subfield code="a">(swissbib)101448252-41slsp_network</subfield></datafield><datafield ind1=" " ind2=" " tag="035"><subfield code="a">101448252</subfield><subfield code="9">ExL</subfield></datafield><datafield ind1=" " ind2=" " tag="035"><subfield code="a">(RERO)R003770460-41slsp</subfield></datafield><datafield ind1=" " ind2=" " tag="035"><subfield code="a">(EXLNZ-41SLSP_NETWORK)991030382599705501</subfield></datafield><datafield ind1=" " ind2=" " tag="040"><subfield code="a">RERO labcud</subfield><subfield code="d">CH-ZuSLS</subfield></datafield><datafield ind1=" " ind2="7" tag="072"><subfield code="a">ru</subfield><subfield code="2">rero</subfield></datafield><datafield ind1="0" ind2="0" tag="245"><subfield code="6">880-01</subfield><subfield code="a">Bolʹshai︠a︡ Rossiĭskai︠a︡ ėnt︠s︡iklopedii︠a︡</subfield></datafield><datafield ind1="0" ind2="0" tag="880"><subfield code="6">245-01/(N</subfield><subfield code="a">Большая Российская энциклопедия</subfield></datafield><datafield ind1="1" ind2=" " tag="246"><subfield code="a">Bolʹšaja Rossijskaja ėnciklopedija</subfield></datafield><datafield ind1=" " ind2="1" tag="264"><subfield code="6">880-02</subfield><subfield code="a">Moskva</subfield><subfield code="b">Naučnoe izd.&quot;Bolʹšaja Rossijskaja ėnciklopedija&quot;</subfield><subfield code="c">2004-&gt;</subfield></datafield><datafield ind1=" " ind2="1" tag="880"><subfield code="6">264-02/(N</subfield><subfield code="a">Москва</subfield><subfield code="b">Научное изд.&quot;Большая Российская энциклопедия&quot;</subfield><subfield code="c">2004-&gt;</subfield></datafield><datafield ind1=" " ind2=" " tag="300"><subfield code="c">30 vol.</subfield></datafield><datafield ind1=" " ind2=" " tag="336"><subfield code="b">txt</subfield><subfield code="2">rdacontent</subfield></datafield><datafield ind1=" " ind2=" " tag="337"><subfield code="b">n</subfield><subfield code="2">rdamedia</subfield></datafield><datafield ind1=" " ind2=" " tag="338"><subfield code="b">nc</subfield><subfield code="2">rdacarrier</subfield></datafield><datafield ind1="0" ind2=" " tag="505"><subfield code="6">880-03</subfield><subfield code="a">T. Rossija</subfield></datafield><datafield ind1="0" ind2=" " tag="880"><subfield code="6">505-03/(N</subfield><subfield code="a">T. Россия</subfield></datafield><datafield ind1="0" ind2=" " tag="505"><subfield code="6">880-04</subfield><subfield code="a">T. 1: A - Anketirovanie</subfield></datafield><datafield ind1="0" ind2=" " tag="880"><subfield code="6">505-04/(N</subfield><subfield code="a">T. 1: A - Анкетирование</subfield></datafield><datafield ind1="0" ind2=" " tag="505"><subfield code="6">880-05</subfield><subfield code="a">T. 2: Ankiloz - Banka</subfield></datafield><datafield ind1="0" ind2=" " tag="880"><subfield code="6">505-05/(N</subfield><subfield code="a">T. 2: Анкилоз - Банка</subfield></datafield><datafield ind1="0" ind2=" " tag="505"><subfield code="6">880-06</subfield><subfield code="a">T. 3: &quot;Banketnaja kompanija&quot; 1904 - Bolʹšoj Irgiz</subfield></datafield><datafield ind1="0" ind2=" " tag="880"><subfield code="6">505-06/(N</subfield><subfield code="a">T. 3: &quot;Банкетная компания&quot; 1904 - Большой Иргиз</subfield></datafield><datafield ind1="0" ind2=" " tag="505"><subfield code="6">880-07</subfield><subfield code="a">T. 4: Bolʹšoj Kavkaz - Velikij kanal</subfield></datafield><datafield ind1="0" ind2=" " tag="880"><subfield code="6">505-07/(N</subfield><subfield code="a">T. 4: Большой Кавказ - Великий канал</subfield></datafield><datafield ind1="0" ind2=" " tag="505"><subfield code="6">880-08</subfield><subfield code="a">T. 5: Velikij knjazʹ - Voschodjaščij uzel orbity</subfield></datafield><datafield ind1="0" ind2=" " tag="880"><subfield code="6">505-08/(N</subfield><subfield code="a">T. 5: Великий князь - Восходящий узел орбиты</subfield></datafield><datafield ind1="0" ind2=" " tag="505"><subfield code="6">880-09</subfield><subfield code="a">T. 6: Vosʹmeričnyj putʹ - Germancy</subfield></datafield><datafield ind1="0" ind2=" " tag="880"><subfield code="6">505-09/(N</subfield><subfield code="a">T. 6: Восьмеричный путь - Германцы</subfield></datafield><datafield ind1="0" ind2=" " tag="505"><subfield code="6">880-10</subfield><subfield code="a">T. 7: Germafrodit - Grigorʹev</subfield></datafield><datafield ind1="0" ind2=" " tag="880"><subfield code="6">505-10/(N</subfield><subfield code="a">T. 7: Гермафродит - Григорьев</subfield></datafield><datafield ind1="0" ind2=" " tag="505"><subfield code="6">880-11</subfield><subfield code="a">T. 8: Grigorʹev - Dinamika</subfield></datafield><datafield ind1="0" ind2=" " tag="880"><subfield code="6">505-11/(N</subfield><subfield code="a">T. 8: Григорьев - Динамика</subfield></datafield><datafield ind1="0" ind2=" " tag="505"><subfield code="6">880-12</subfield><subfield code="a">T. 9: Dinamika atmosfery - Železnodorožnyj uzel</subfield></datafield><datafield ind1="0" ind2=" " tag="880"><subfield code="6">505-12/(N</subfield><subfield code="a">T. 9: Динамика атмосферы - Железнодорожный узел</subfield></datafield><datafield ind1="0" ind2=" " tag="505"><subfield code="6">880-13</subfield><subfield code="a">T. 10: Železnoe derevo - Izlučenie</subfield></datafield><datafield ind1="0" ind2=" " tag="880"><subfield code="6">505-13/(N</subfield><subfield code="a">T. 10: Железное дерево - Излучение</subfield></datafield><datafield ind1="0" ind2=" " tag="505"><subfield code="6">880-14</subfield><subfield code="a">T. 11: Izlučenie plazmy - Islamskij front spasenija</subfield></datafield><datafield ind1="0" ind2=" " tag="880"><subfield code="6">505-14/(N</subfield><subfield code="a">T. 11: Излучение плазмы - Исламский фронт спасения</subfield></datafield><datafield ind1="0" ind2=" " tag="505"><subfield code="6">880-15</subfield><subfield code="a">T. 12: Islandija - Kanceljarizmy</subfield></datafield><datafield ind1="0" ind2=" " tag="880"><subfield code="6">505-15/(N</subfield><subfield code="a">T. 12: Исландия - Канцеляризмы</subfield></datafield><datafield ind1="0" ind2=" " tag="505"><subfield code="6">880-16</subfield><subfield code="a">T. 13: Kanceljarija konfiskacii - Kirgizy</subfield></datafield><datafield ind1="0" ind2=" " tag="880"><subfield code="6">505-16/(N</subfield><subfield code="a">T. 13: Канцелярия конфискации - Киргизы</subfield></datafield><datafield ind1="0" ind2=" " tag="505"><subfield code="6">880-17</subfield><subfield code="a">T. 14: Kireev - Kongo</subfield></datafield><datafield ind1="0" ind2=" " tag="880"><subfield code="6">505-17/(N</subfield><subfield code="a">T. 14: Киреев - Конго</subfield></datafield><datafield ind1="0" ind2=" " tag="505"><subfield code="6">880-18</subfield><subfield code="a">T. 15: Kongo - Kreščenie</subfield></datafield><datafield ind1="0" ind2=" " tag="880"><subfield code="6">505-18/(N</subfield><subfield code="a">T. 15: Конго - Крещение</subfield></datafield><datafield ind1="0" ind2=" " tag="505"><subfield code="6">880-19</subfield><subfield code="a">T. 16: Kreščenie Gospodne - Lastočkovye</subfield></datafield><datafield ind1="0" ind2=" " tag="880"><subfield code="6">505-19/(N</subfield><subfield code="a">T. 16: Крещение Господне - Ласточковые</subfield></datafield><datafield ind1="0" ind2=" " tag="505"><subfield code="6">880-20</subfield><subfield code="a">T. 17: Las-Tunas - Lomonosov</subfield></datafield><datafield ind1="0" ind2=" " tag="880"><subfield code="6">505-20/(N</subfield><subfield code="a">T. 17: Лас-Тунас - Ломоносов</subfield></datafield><datafield ind1="0" ind2=" " tag="505"><subfield code="6">880-21</subfield><subfield code="a">T. 18: Lomonosov - Manizer</subfield></datafield><datafield ind1="0" ind2=" " tag="880"><subfield code="6">505-21/(N</subfield><subfield code="a">T. 18: Ломоносов - Манизер</subfield></datafield><datafield ind1="0" ind2=" " tag="505"><subfield code="6">880-22</subfield><subfield code="a">T. 19: Manikovskij - Meotida</subfield></datafield><datafield ind1="0" ind2=" " tag="880"><subfield code="6">505-22/(N</subfield><subfield code="a">T. 19: Маниковский - Меотида</subfield></datafield><datafield ind1="0" ind2=" " tag="505"><subfield code="6">880-23</subfield><subfield code="a">T. 20: Meotskai︠a︡ arkheologicheskai︠a︡ kulʹtura - Mongolo-tatarskoe nashestvie</subfield></datafield><datafield ind1="0" ind2=" " tag="880"><subfield code="6">505-23/(N</subfield><subfield code="a">Т. 20: Меотская археологическая культура - Монголо-татарское нашествие</subfield></datafield><datafield ind1="0" ind2=" " tag="505"><subfield code="6">880-24</subfield><subfield code="a">T. 21: Mongoly - Nanomaterialy</subfield></datafield><datafield ind1="0" ind2=" " tag="880"><subfield code="6">505-24/(N</subfield><subfield code="a">T. 21: Монголы - Наноматериалы</subfield></datafield><datafield ind1="0" ind2=" " tag="505"><subfield code="6">880-25</subfield><subfield code="a">T. 22: Nanonauka -Nikolaĭ Kavasila</subfield></datafield><datafield ind1="0" ind2=" " tag="880"><subfield code="6">505-25/(N</subfield><subfield code="a">T. 22: Нанонаука - Николай Кавасила</subfield></datafield><datafield ind1="0" ind2=" " tag="505"><subfield code="6">880-26</subfield><subfield code="a">T. 23: Nikolaĭ Kuzanskiĭ - Okean</subfield></datafield><datafield ind1="0" ind2=" " tag="880"><subfield code="6">505-26/(N</subfield><subfield code="a">T. 23: Николай Кузанский - Океан</subfield></datafield><datafield ind1="0" ind2=" " tag="505"><subfield code="6">880-27</subfield><subfield code="a">T. 24: Okenarium - Oi︠a︡sio</subfield></datafield><datafield ind1="0" ind2=" " tag="880"><subfield code="6">505-27/(N</subfield><subfield code="a">T. 24: Океанариум - Оясио</subfield></datafield><datafield ind1="0" ind2=" " tag="505"><subfield code="6">880-28</subfield><subfield code="a">T. 25: P - Perturbat︠s︡ionnai︠a︡ funkt︠s︡ii︠a︡</subfield></datafield><datafield ind1="0" ind2=" " tag="880"><subfield code="6">505-28/(N</subfield><subfield code="a">T. 25: П - Пертурбационная функция</subfield></datafield><datafield ind1="0" ind2=" " tag="505"><subfield code="6">880-29</subfield><subfield code="a">T. 26: Peru - Poluprit︠s︡ep</subfield></datafield><datafield ind1="0" ind2=" " tag="880"><subfield code="6">505-29/(N</subfield><subfield code="a">T. 26: Перу - Полуприцеп</subfield></datafield><datafield ind1="0" ind2=" " tag="505"><subfield code="6">880-30</subfield><subfield code="a">T. 27: Poluprovodniki - Pustyni︠a︡</subfield></datafield><datafield ind1="0" ind2=" " tag="880"><subfield code="6">505-30/(N</subfield><subfield code="a">T. 27: Полупроводники - Пустыня</subfield></datafield><datafield ind1="0" ind2=" " tag="505"><subfield code="6">880-31</subfield><subfield code="a">T. 28: Pustyrnik - Rumcherod</subfield></datafield><datafield ind1="0" ind2=" " tag="880"><subfield code="6">505-31/(N</subfield><subfield code="a">T. 28: Пустырник - Румчерод</subfield></datafield><datafield ind1="0" ind2=" " tag="505"><subfield code="6">880-32</subfield><subfield code="a">T. 29: Rumynii︠a︡ - Sen-Zhan-de-Li︠u︡ z</subfield></datafield><datafield ind1="0" ind2=" " tag="880"><subfield code="6">505-32/(N</subfield><subfield code="a">T. 29: Румыния - Сен-Жан-де-Люз</subfield></datafield><datafield ind1="0" ind2=" " tag="505"><subfield code="6">880-33</subfield><subfield code="a">T. 30: Sen-Zhermenskiĭ mir 1679 - Sot︠s︡ialʹnoe obespechenie</subfield></datafield><datafield ind1="0" ind2=" " tag="880"><subfield code="6">505-33/(N</subfield><subfield code="a">T. 30: Сен-Жерменский мир 1679 - Социальное обеспечение</subfield></datafield><datafield ind1=" " ind2="7" tag="651"><subfield code="a">Russie</subfield><subfield code="0">(IDREF)027342395</subfield><subfield code="2">idref</subfield></datafield><datafield ind1=" " ind2="7" tag="655"><subfield code="a">Encyclopédies</subfield><subfield code="0">(IDREF)028638166</subfield><subfield code="2">idref</subfield></datafield><datafield ind1=" " ind2=" " tag="900"><subfield code="a">REROnoselfmerge</subfield></datafield></record>
</metadata></record>