<record><header><identifier>oai:alma.41SLSP_UGE:991000023719705502</identifier><datestamp>2023-03-01T01:08:48Z</datestamp><setSpec>uge_bcen_RapidILL_BOOK</setSpec><setSpec>uge_aaca_RapidILL_BOOK</setSpec><setSpec>uge_abels_RapidILL_BOOK</setSpec><setSpec>uge_dbu_RapidILL_BOOK</setSpec><setSpec>uge_cmu_RapidILL_BOOK</setSpec><setSpec>uge_mail_RapidILL_BOOK</setSpec><setSpec>UNIGE_ALL</setSpec><setSpec>uge_abbat_RapidILL_BOOK</setSpec><setSpec>uge_aobs_RapidILL_BOOK</setSpec><setSpec>uge_acar_RapidILL_BOOK</setSpec></header><metadata>
<record xmlns="http://www.loc.gov/MARC21/slim" xmlns:xsi="http://www.w3.org/2001/XMLSchema-instance" xsi:schemaLocation="http://www.loc.gov/MARC21/slim http://www.loc.gov/standards/marcxml/schema/MARC21slim.xsd"><leader>01507nam a2200337 c 4500</leader><controlfield tag="001">991000023719705502</controlfield><controlfield tag="005">20230206214738.0</controlfield><controlfield tag="008">000825s1902    sz ||||| |||| 00| ||fre d</controlfield><datafield ind1=" " ind2=" " tag="035"><subfield code="a">(swissbib)079414451-41slsp_network</subfield></datafield><datafield ind1=" " ind2=" " tag="035"><subfield code="a">079414451</subfield><subfield code="9">ExL</subfield></datafield><datafield ind1=" " ind2=" " tag="035"><subfield code="a">(RERO)0499462-41slsp</subfield></datafield><datafield ind1=" " ind2=" " tag="035"><subfield code="a">(EXLNZ-41SLSP_NETWORK)991150716669705501</subfield></datafield><datafield ind1=" " ind2=" " tag="040"><subfield code="a">RERO</subfield><subfield code="d">CH-ZuSLS</subfield></datafield><datafield ind1=" " ind2=" " tag="044"><subfield code="a">sz</subfield><subfield code="c">ch-ge</subfield></datafield><datafield ind1=" " ind2="7" tag="072"><subfield code="a">bt</subfield><subfield code="2">rero</subfield></datafield><datafield ind1="1" ind2=" " tag="100"><subfield code="a">Jullien, Alexandre</subfield><subfield code="0">(RERO)A003434570</subfield><subfield code="4">cre</subfield></datafield><datafield ind1="1" ind2="0" tag="245"><subfield code="a">Catalogue des éditions de la Suisse romande</subfield><subfield code="c">réd. par Alexandre Jullien ; publ. par la Société des libraires et éditeurs de la Suisse romande</subfield></datafield><datafield ind1=" " ind2="1" tag="264"><subfield code="a">Genève</subfield><subfield code="b">A. Jullien</subfield><subfield code="c">1902</subfield></datafield><datafield ind1=" " ind2=" " tag="300"><subfield code="a">VII, 280 p.</subfield><subfield code="c">26 cm</subfield></datafield><datafield ind1=" " ind2=" " tag="336"><subfield code="b">txt</subfield><subfield code="2">rdacontent</subfield></datafield><datafield ind1=" " ind2=" " tag="337"><subfield code="b">n</subfield><subfield code="2">rdamedia</subfield></datafield><datafield ind1=" " ind2=" " tag="338"><subfield code="b">nc</subfield><subfield code="2">rdacarrier</subfield></datafield><datafield ind1="1" ind2=" " tag="490"><subfield code="a">Catalogue / A. Jullien</subfield><subfield code="v">1</subfield></datafield><datafield ind1=" " ind2=" " tag="580"><subfield code="a">A pour suppl.: Supplément au catalogue des éditions de la Suisse romande / redigé par Alexandre Jullien. Et: Catalogue des publications de la Suisse Romande parues en 1912 / [par Alexandre Jullien]</subfield></datafield><datafield ind1=" " ind2="7" tag="650"><subfield code="a">Édition</subfield><subfield code="0">(IDREF)027387348</subfield><subfield code="2">idref</subfield></datafield><datafield ind1=" " ind2="7" tag="650"><subfield code="a">19e siècle-20e siècle (début)</subfield><subfield code="0">(RERO)A022581233</subfield><subfield code="2">rero</subfield></datafield><datafield ind1=" " ind2="7" tag="651"><subfield code="a">Suisse romande</subfield><subfield code="0">(IDREF)027437221</subfield><subfield code="2">idref</subfield></datafield><datafield ind1=" " ind2="7" tag="655"><subfield code="a">Répertoires</subfield><subfield code="0">(IDREF)028662180</subfield><subfield code="2">idref</subfield></datafield><datafield ind1="0" ind2=" " tag="770"><subfield code="t">Supplément au catalogue des éditions de la Suisse romande</subfield><subfield code="w">(RERO)0499473-41slsp</subfield></datafield><datafield ind1="0" ind2=" " tag="770"><subfield code="t">Catalogue des publications de la Suisse Romande parues en 1912: suite au supplément</subfield></datafield><datafield ind1="1" ind2=" " tag="800"><subfield code="a">Jullien, Alexandre</subfield><subfield code="t">Catalogue</subfield><subfield code="v">1</subfield></datafield><datafield ind1=" " ind2=" " tag="900"><subfield code="a">REROnoselfmerge</subfield></datafield></record>
</metadata></record>