<record><header><identifier>oai:alma.41SLSP_UGE:991000023919705502</identifier><datestamp>2024-03-01T01:19:17Z</datestamp><setSpec>uge_bcen_RapidILL_BOOK</setSpec><setSpec>uge_aaca_RapidILL_BOOK</setSpec><setSpec>uge_abels_RapidILL_BOOK</setSpec><setSpec>uge_dbu_RapidILL_BOOK</setSpec><setSpec>uge_cmu_RapidILL_BOOK</setSpec><setSpec>uge_mail_RapidILL_BOOK</setSpec><setSpec>uge_abbat_RapidILL_BOOK</setSpec><setSpec>UNIGE_ALL</setSpec><setSpec>uge_acar_RapidILL_BOOK</setSpec><setSpec>uge_aobs_RapidILL_BOOK</setSpec></header><metadata>
<record xmlns="http://www.loc.gov/MARC21/slim" xmlns:xsi="http://www.w3.org/2001/XMLSchema-instance" xsi:schemaLocation="http://www.loc.gov/MARC21/slim http://www.loc.gov/standards/marcxml/schema/MARC21slim.xsd"><leader>01876nam a2200505 c 4500</leader><controlfield tag="001">991000023919705502</controlfield><controlfield tag="005">20240229141146.0</controlfield><controlfield tag="008">201012s2014    gw ||||| |||| 00| ||ger d</controlfield><datafield ind1=" " ind2=" " tag="015"><subfield code="a">15,N01</subfield><subfield code="2">dnb</subfield></datafield><datafield ind1="7" ind2=" " tag="016"><subfield code="a">1063732115</subfield><subfield code="2">DE-101</subfield></datafield><datafield ind1=" " ind2=" " tag="020"><subfield code="a">9783944627021</subfield></datafield><datafield ind1=" " ind2=" " tag="020"><subfield code="a">3944627024</subfield></datafield><datafield ind1=" " ind2=" " tag="035"><subfield code="a">(swissbib)238317994-41slsp_network</subfield></datafield><datafield ind1=" " ind2=" " tag="035"><subfield code="a">238317994</subfield><subfield code="9">ExL</subfield></datafield><datafield ind1=" " ind2=" " tag="035"><subfield code="a">(RERO)R008115763-41slsp</subfield></datafield><datafield ind1=" " ind2=" " tag="035"><subfield code="a">(NEBIS)010420399EBI01</subfield></datafield><datafield ind1=" " ind2=" " tag="035"><subfield code="a">(IDSBB)006334439DSV01</subfield></datafield><datafield ind1=" " ind2=" " tag="035"><subfield code="a">(OCoLC)899147162</subfield></datafield><datafield ind1=" " ind2=" " tag="035"><subfield code="a">(EXLNZ-41SLSP_NETWORK)991145612169705501</subfield></datafield><datafield ind1=" " ind2=" " tag="040"><subfield code="a">RERO geulha</subfield><subfield code="d">CH-ZuSLS</subfield></datafield><datafield ind1="0" ind2=" " tag="041"><subfield code="a">ger</subfield><subfield code="a">eng</subfield><subfield code="a">fre</subfield></datafield><datafield ind1=" " ind2="7" tag="072"><subfield code="a">ba</subfield><subfield code="2">rero</subfield></datafield><datafield ind1="0" ind2="4" tag="082"><subfield code="a">943</subfield></datafield><datafield ind1=" " ind2=" " tag="084"><subfield code="a">943</subfield><subfield code="2">sdnb</subfield></datafield><datafield ind1="0" ind2="0" tag="245"><subfield code="a">&lt;&lt;Der&gt;&gt; Kreis</subfield><subfield code="b">eine Sammlung</subfield><subfield code="c">[hrsg von Kurt v. Hammerstein, Björn Koll]</subfield></datafield><datafield ind1=" " ind2=" " tag="250"><subfield code="a">1. Aufl.</subfield></datafield><datafield ind1=" " ind2="1" tag="264"><subfield code="a">Berlin</subfield><subfield code="b">Salzgeber</subfield><subfield code="c">2014</subfield></datafield><datafield ind1="3" ind2="1" tag="264"><subfield code="a">Berlin</subfield><subfield code="b">Salzgeber &amp; Co Medien</subfield><subfield code="c">2014</subfield></datafield><datafield ind1=" " ind2=" " tag="300"><subfield code="a">377 p.</subfield><subfield code="b">ill. en noir et en coul.</subfield><subfield code="c">27 cm</subfield></datafield><datafield ind1=" " ind2=" " tag="336"><subfield code="b">txt</subfield><subfield code="2">rdacontent</subfield></datafield><datafield ind1=" " ind2=" " tag="337"><subfield code="b">n</subfield><subfield code="2">rdamedia</subfield></datafield><datafield ind1=" " ind2=" " tag="338"><subfield code="b">nc</subfield><subfield code="2">rdacarrier</subfield></datafield><datafield ind1=" " ind2=" " tag="500"><subfield code="a">Text überwiegend deutsch, einige Beiträge engl. oder franz.</subfield></datafield><datafield ind1="2" ind2="7" tag="610"><subfield code="a">&lt;&lt;Der&gt;&gt; Kreis</subfield><subfield code="g">Körperschaft</subfield><subfield code="0">(DE-588)5223866-0</subfield><subfield code="2">gnd</subfield></datafield><datafield ind1="0" ind2="7" tag="630"><subfield code="a">Der Kreis (presse)</subfield><subfield code="0">(RERO)A013836739</subfield><subfield code="2">rero</subfield></datafield><datafield ind1="0" ind2="7" tag="630"><subfield code="a">&lt;&lt;Der&gt;&gt; Kreis</subfield><subfield code="g">Zeitschrift, Zürich</subfield><subfield code="0">(DE-588)4328327-5</subfield><subfield code="2">gnd</subfield></datafield><datafield ind1=" " ind2="7" tag="648"><subfield code="a">Geschichte 1943-1967</subfield><subfield code="2">gnd</subfield></datafield><datafield ind1=" " ind2="7" tag="650"><subfield code="a">Zeitschrift</subfield><subfield code="0">(DE-588)4067488-5</subfield><subfield code="2">gnd</subfield></datafield><datafield ind1=" " ind2="7" tag="650"><subfield code="a">Homosexualität</subfield><subfield code="0">(DE-588)4025798-8</subfield><subfield code="2">gnd</subfield></datafield><datafield ind1=" " ind2="7" tag="650"><subfield code="a">Homosexuellenbewegung</subfield><subfield code="0">(DE-588)4140613-8</subfield><subfield code="2">gnd</subfield></datafield><datafield ind1=" " ind2="7" tag="651"><subfield code="a">Schweiz</subfield><subfield code="0">(DE-588)4053881-3</subfield><subfield code="2">gnd</subfield></datafield><datafield ind1="1" ind2=" " tag="700"><subfield code="a">Steinle, Karl H.</subfield></datafield><datafield ind1="1" ind2=" " tag="700"><subfield code="a">Koll, Björn</subfield><subfield code="0">(RERO)A025439927</subfield></datafield><datafield ind1="1" ind2=" " tag="700"><subfield code="a">Hammerstein, Kurt von</subfield><subfield code="0">(RERO)A025439928</subfield></datafield><datafield ind1="4" ind2=" " tag="856"><subfield code="u">https://deposit.dnb.de/cgi-bin/dokserv?id=5103033&amp;prov=M&amp;dok_var=1&amp;dok_ext=htm</subfield><subfield code="z">Inhaltstext</subfield></datafield><datafield ind1=" " ind2=" " tag="949"><subfield code="a">https://deposit.dnb.de/cgi-bin/dokserv?id=5103033&amp;prov=M&amp;dok_var=1&amp;dok_ext=htm</subfield></datafield><datafield ind1=" " ind2=" " tag="993"><subfield code="a">BFLB 32755</subfield><subfield code="x">ge/ulha/a/15/0522</subfield><subfield code="9">LOCAL</subfield></datafield></record>
</metadata></record>