<record><header><identifier>oai:alma.41SLSP_UGE:991000024359705502</identifier><datestamp>2024-03-21T01:18:37Z</datestamp><setSpec>uge_bcen_RapidILL_BOOK</setSpec><setSpec>uge_aaca_RapidILL_BOOK</setSpec><setSpec>uge_abels_RapidILL_BOOK</setSpec><setSpec>uge_dbu_RapidILL_BOOK</setSpec><setSpec>uge_cmu_RapidILL_BOOK</setSpec><setSpec>uge_mail_RapidILL_BOOK</setSpec><setSpec>uge_abbat_RapidILL_BOOK</setSpec><setSpec>UNIGE_ALL</setSpec><setSpec>uge_acar_RapidILL_BOOK</setSpec><setSpec>uge_aobs_RapidILL_BOOK</setSpec></header><metadata>
<record xmlns="http://www.loc.gov/MARC21/slim" xmlns:xsi="http://www.w3.org/2001/XMLSchema-instance" xsi:schemaLocation="http://www.loc.gov/MARC21/slim http://www.loc.gov/standards/marcxml/schema/MARC21slim.xsd"><leader>01832nam a2200373 c 4500</leader><controlfield tag="001">991000024359705502</controlfield><controlfield tag="005">20230122170433.0</controlfield><controlfield tag="008">190820s2019    fr            00| | fre d</controlfield><datafield ind1=" " ind2=" " tag="020"><subfield code="a">9782848355429</subfield></datafield><datafield ind1=" " ind2=" " tag="035"><subfield code="a">(swissbib)125880391-41slsp_network</subfield></datafield><datafield ind1=" " ind2=" " tag="035"><subfield code="a">125880391</subfield><subfield code="9">ExL</subfield></datafield><datafield ind1=" " ind2=" " tag="035"><subfield code="a">(RERO)R008953831-41slsp</subfield></datafield><datafield ind1=" " ind2=" " tag="035"><subfield code="a">(EXLNZ-41SLSP_NETWORK)991129554319705501</subfield></datafield><datafield ind1=" " ind2=" " tag="040"><subfield code="a">RERO geufpe</subfield><subfield code="d">CH-ZuSLS</subfield></datafield><datafield ind1=" " ind2="7" tag="072"><subfield code="a">ps</subfield><subfield code="2">rero</subfield></datafield><datafield ind1="0" ind2="0" tag="245"><subfield code="a">&lt;&lt;Le&gt;&gt; traumatisme psychique chez l'enfant</subfield><subfield code="c">sous la direction de Mathilde Laroche Joubert, Elisabetta Dozio, Marie Rose Moro ; [Hélène Asensi ... et al.]</subfield></datafield><datafield ind1=" " ind2="1" tag="264"><subfield code="a">Paris</subfield><subfield code="b">In Press</subfield><subfield code="c">[2019]</subfield></datafield><datafield ind1=" " ind2=" " tag="300"><subfield code="a">164 p.</subfield></datafield><datafield ind1=" " ind2=" " tag="336"><subfield code="b">txt</subfield><subfield code="2">rdacontent</subfield></datafield><datafield ind1=" " ind2=" " tag="337"><subfield code="b">n</subfield><subfield code="2">rdamedia</subfield></datafield><datafield ind1=" " ind2=" " tag="338"><subfield code="b">nc</subfield><subfield code="2">rdacarrier</subfield></datafield><datafield ind1="0" ind2=" " tag="490"><subfield code="a">Fiches de psycho</subfield></datafield><datafield ind1=" " ind2=" " tag="500"><subfield code="a">La couv. porte : 12 fiches pour comprendre : maltraitance, stress, violence, comprendre, traiter, soigner ...</subfield></datafield><datafield ind1=" " ind2=" " tag="504"><subfield code="a">Bibliogr. : p. 160</subfield></datafield><datafield ind1="8" ind2=" " tag="520"><subfield code="a">Présentation synthétique des effets du trauma sur le bébé, l'enfant et l'adolescent. Les contributeurs font le point sur les dispositifs de prise en charge et abordent notamment la place du trauma dans la famille, les rapports parent-enfant ou encore les accueils thérapeutiques d'enfants migrants. Les fiches sont illustrées par un exercice, un cas clinique ou un QCM. (Electre)</subfield><subfield code="5">RERO/gehets-/10.2019</subfield></datafield><datafield ind1=" " ind2="7" tag="650"><subfield code="a">Enfants</subfield><subfield code="0">(IDREF)027233278</subfield><subfield code="2">idref</subfield></datafield><datafield ind1=" " ind2="7" tag="650"><subfield code="a">Traumatisme psychique</subfield><subfield code="0">(IDREF)027412288</subfield><subfield code="2">idref</subfield></datafield><datafield ind1=" " ind2="7" tag="650"><subfield code="a">Nourrissons</subfield><subfield code="0">(IDREF)027791467</subfield><subfield code="2">idref</subfield></datafield><datafield ind1=" " ind2="7" tag="650"><subfield code="a">Psychothérapie</subfield><subfield code="0">(IDREF)027352382</subfield><subfield code="2">idref</subfield></datafield><datafield ind1=" " ind2="7" tag="650"><subfield code="a">Adolescents</subfield><subfield code="0">(IDREF)027276228</subfield><subfield code="2">idref</subfield></datafield><datafield ind1="1" ind2=" " tag="700"><subfield code="a">Laroche Joubert, Mathilde</subfield><subfield code="0">(IDREF)238252787</subfield><subfield code="4">edt</subfield></datafield><datafield ind1="1" ind2=" " tag="700"><subfield code="a">Dozio, Elisabetta</subfield><subfield code="4">edt</subfield></datafield><datafield ind1="1" ind2=" " tag="700"><subfield code="a">Moro, Marie Rose</subfield><subfield code="c">professeure de psychiatrie</subfield><subfield code="d">1961-....</subfield><subfield code="0">(IDREF)033591695</subfield><subfield code="4">edt</subfield></datafield><datafield ind1="1" ind2=" " tag="700"><subfield code="a">Asensi, Hélène</subfield><subfield code="0">(IDREF)127027319</subfield><subfield code="4">aut</subfield></datafield><datafield ind1=" " ind2=" " tag="900"><subfield code="a">REROnoselfmerge</subfield></datafield></record>
</metadata></record>