<record><header><identifier>oai:alma.41SLSP_UGE:991000024669705502</identifier><datestamp>2023-03-01T01:08:48Z</datestamp><setSpec>uge_bcen_RapidILL_BOOK</setSpec><setSpec>uge_aaca_RapidILL_BOOK</setSpec><setSpec>uge_abels_RapidILL_BOOK</setSpec><setSpec>uge_dbu_RapidILL_BOOK</setSpec><setSpec>uge_cmu_RapidILL_BOOK</setSpec><setSpec>uge_mail_RapidILL_BOOK</setSpec><setSpec>UNIGE_ALL</setSpec><setSpec>uge_abbat_RapidILL_BOOK</setSpec><setSpec>uge_aobs_RapidILL_BOOK</setSpec><setSpec>uge_acar_RapidILL_BOOK</setSpec></header><metadata>
<record xmlns="http://www.loc.gov/MARC21/slim" xmlns:xsi="http://www.w3.org/2001/XMLSchema-instance" xsi:schemaLocation="http://www.loc.gov/MARC21/slim http://www.loc.gov/standards/marcxml/schema/MARC21slim.xsd"><leader>00937nam a2200301 c 4500</leader><controlfield tag="001">991000024669705502</controlfield><controlfield tag="005">20210206211217.0</controlfield><controlfield tag="008">201012s1944    au ||||| |||| 00| ||ger d</controlfield><datafield ind1=" " ind2=" " tag="035"><subfield code="a">(swissbib)236428918-41slsp_network</subfield></datafield><datafield ind1=" " ind2=" " tag="035"><subfield code="a">236428918</subfield><subfield code="9">ExL</subfield></datafield><datafield ind1=" " ind2=" " tag="035"><subfield code="a">(RERO)1837677-41slsp</subfield></datafield><datafield ind1=" " ind2=" " tag="035"><subfield code="a">(NEBIS)009031335EBI01</subfield></datafield><datafield ind1=" " ind2=" " tag="035"><subfield code="a">(EXLNZ-41SLSP_NETWORK)991109362639705501</subfield></datafield><datafield ind1=" " ind2=" " tag="040"><subfield code="a">RERO geulha</subfield><subfield code="d">CH-ZuSLS</subfield></datafield><datafield ind1=" " ind2="7" tag="072"><subfield code="a">ba</subfield><subfield code="2">rero</subfield></datafield><datafield ind1="1" ind2=" " tag="100"><subfield code="a">Paatz, Walter</subfield><subfield code="0">(RERO)A003663541</subfield><subfield code="4">cre</subfield></datafield><datafield ind1="1" ind2="0" tag="245"><subfield code="a">Bernt Notke</subfield><subfield code="c">Walter Paatz</subfield></datafield><datafield ind1=" " ind2="1" tag="264"><subfield code="a">Wien</subfield><subfield code="b">A. Schroll</subfield><subfield code="c">cop. 1944</subfield></datafield><datafield ind1=" " ind2="3" tag="264"><subfield code="a">Printed in Germany</subfield></datafield><datafield ind1=" " ind2=" " tag="300"><subfield code="a">56 p., 102 p. de pl.</subfield><subfield code="b">ill.</subfield><subfield code="c">26 cm</subfield></datafield><datafield ind1=" " ind2=" " tag="336"><subfield code="b">txt</subfield><subfield code="2">rdacontent</subfield></datafield><datafield ind1=" " ind2=" " tag="337"><subfield code="b">n</subfield><subfield code="2">rdamedia</subfield></datafield><datafield ind1=" " ind2=" " tag="338"><subfield code="b">nc</subfield><subfield code="2">rdacarrier</subfield></datafield><datafield ind1="1" ind2=" " tag="490"><subfield code="a">Sammlung Schroll</subfield></datafield><datafield ind1="1" ind2="7" tag="600"><subfield code="a">Notke, Bernt</subfield><subfield code="d">1440?-1509</subfield><subfield code="0">(IDREF)144862158</subfield><subfield code="2">idref</subfield></datafield><datafield ind1="1" ind2=" " tag="700"><subfield code="a">Notke, Bernt</subfield><subfield code="d">1440?-1509</subfield><subfield code="0">(IDREF)144862158</subfield></datafield><datafield ind1=" " ind2="0" tag="830"><subfield code="a">Sammlung Schroll</subfield><subfield code="w">(RERO)1837691-41slsp</subfield></datafield><datafield ind1=" " ind2=" " tag="900"><subfield code="a">REROnoselfmerge</subfield></datafield><datafield ind1=" " ind2=" " tag="900"><subfield code="f">IDSU2medea</subfield></datafield><datafield ind1=" " ind2=" " tag="993"><subfield code="a">BFLB 12916</subfield><subfield code="x">ge/ulha/a/94</subfield><subfield code="9">LOCAL</subfield></datafield></record>
</metadata></record><record><header status="deleted"><identifier>oai:alma.41SLSP_UGE:991000023939705502</identifier><datestamp>2023-06-17T00:16:29Z</datestamp><setSpec>uge_bcen_RapidILL_BOOK</setSpec><setSpec>uge_aaca_RapidILL_BOOK</setSpec><setSpec>uge_abels_RapidILL_BOOK</setSpec><setSpec>uge_dbu_RapidILL_BOOK</setSpec><setSpec>uge_cmu_RapidILL_BOOK</setSpec><setSpec>uge_mail_RapidILL_BOOK</setSpec><setSpec>uge_abbat_RapidILL_BOOK</setSpec><setSpec>UNIGE_ALL</setSpec><setSpec>uge_aobs_RapidILL_BOOK</setSpec><setSpec>uge_acar_RapidILL_BOOK</setSpec></header></record>