<record><header><identifier>oai:alma.41SLSP_UGE:991000023829705502</identifier><datestamp>2024-10-25T00:07:26Z</datestamp><setSpec>uge_bcen_RapidILL_BOOK</setSpec><setSpec>uge_aaca_RapidILL_BOOK</setSpec><setSpec>uge_abels_RapidILL_BOOK</setSpec><setSpec>uge_dbu_RapidILL_BOOK</setSpec><setSpec>uge_cmu_RapidILL_BOOK</setSpec><setSpec>uge_mail_RapidILL_BOOK</setSpec><setSpec>uge_abbat_RapidILL_BOOK</setSpec><setSpec>UNIGE_ALL</setSpec><setSpec>uge_aobs_RapidILL_BOOK</setSpec><setSpec>uge_acar_RapidILL_BOOK</setSpec></header><metadata>
<record xmlns="http://www.loc.gov/MARC21/slim" xmlns:xsi="http://www.w3.org/2001/XMLSchema-instance" xsi:schemaLocation="http://www.loc.gov/MARC21/slim http://www.loc.gov/standards/marcxml/schema/MARC21slim.xsd"><leader>01861nam a2200313 c 4500</leader><controlfield tag="001">991000023829705502</controlfield><controlfield tag="005">20241024234350.0</controlfield><controlfield tag="008">000928s1621    fr ||||| |||| 00| ||fre d</controlfield><datafield ind1=" " ind2=" " tag="035"><subfield code="a">(swissbib)094302456-41slsp_network</subfield></datafield><datafield ind1=" " ind2=" " tag="035"><subfield code="a">094302456</subfield><subfield code="9">ExL</subfield></datafield><datafield ind1=" " ind2=" " tag="035"><subfield code="a">(RERO)R247184760-41slsp</subfield></datafield><datafield ind1=" " ind2=" " tag="035"><subfield code="a">(EXLNZ-41SLSP_NETWORK)991012889419705501</subfield></datafield><datafield ind1=" " ind2=" " tag="040"><subfield code="a">RERO geuchr</subfield><subfield code="d">CH-ZuSLS</subfield></datafield><datafield ind1=" " ind2="7" tag="072"><subfield code="a">hg</subfield><subfield code="2">rero</subfield></datafield><datafield ind1="1" ind2=" " tag="100"><subfield code="a">Nicquet, Honorat</subfield><subfield code="d">1585-1667</subfield><subfield code="0">(IDREF)142851094</subfield><subfield code="4">cre</subfield></datafield><datafield ind1="1" ind2="0" tag="245"><subfield code="a">&lt;&lt;Le&gt;&gt; combat de Geneve, ou falsifications faites par Genève, en la translation françoise du Nouveau Testament, verifiées par la seule confrontation de ses propres Bibles françoises</subfield><subfield code="c">par Honorat Nicquet, de la Compagnie de Jesus</subfield></datafield><datafield ind1=" " ind2="1" tag="264"><subfield code="a">A La Fleche</subfield><subfield code="b">chez Louys Hebert imprimeur à l'enseigne du nom de Jesus près le College</subfield><subfield code="c">1621</subfield></datafield><datafield ind1=" " ind2=" " tag="300"><subfield code="a">[16], 371, [12] p.</subfield><subfield code="c">8⁰ (15 cm)</subfield></datafield><datafield ind1=" " ind2=" " tag="336"><subfield code="b">txt</subfield><subfield code="2">rdacontent</subfield></datafield><datafield ind1=" " ind2=" " tag="337"><subfield code="b">n</subfield><subfield code="2">rdamedia</subfield></datafield><datafield ind1=" " ind2=" " tag="338"><subfield code="b">nc</subfield><subfield code="2">rdacarrier</subfield></datafield><datafield ind1=" " ind2=" " tag="500"><subfield code="a">Avec privilege</subfield></datafield><datafield ind1=" " ind2=" " tag="500"><subfield code="a">La p. de t. porte: Tout royaume divisé contre soy-mesme sera desolé. En S. Matth. chap. 12. v. 21</subfield></datafield><datafield ind1=" " ind2=" " tag="500"><subfield code="a">Sig. *⁸, A-Z⁸, Aa⁸ [*₃ signé *₁]</subfield></datafield><datafield ind1="3" ind2=" " tag="510"><subfield code="a">Sommervogel vol. V, col. 1712, no 1 ; Séb. de La Bouillerie, &quot;Histoire de l'imprimerie à la Flèche&quot;, n° 209 ; Cioranescu (17e s.) 22177 ; manque à Goldsmith ; Desgraves 2813 ; manque à Shaw</subfield></datafield><datafield ind1="1" ind2=" " tag="700"><subfield code="a">Hebert, Louis</subfield><subfield code="c">Imprimeur à La Flèche au XVIIe s.</subfield><subfield code="0">(RERO)A012430180</subfield><subfield code="4">prt</subfield></datafield><datafield ind1=" " ind2=" " tag="751"><subfield code="a">Flèche</subfield><subfield code="4">pup</subfield><subfield code="0">(RERO)A009627801</subfield></datafield><datafield ind1="0" ind2="8" tag="776"><subfield code="i">Publié également comme</subfield><subfield code="n">édition en ligne</subfield><subfield code="t">&lt;&lt;Le&gt;&gt; combat de Geneve, ou falsifications faites par Genève, en la translation françoise du Nouveau Testament, verifiées par la seule confrontation de ses propres Bibles françoises</subfield><subfield code="w">991171962876005501</subfield></datafield><datafield ind1="4" ind2="1" tag="856"><subfield code="u">http://books.google.ch/books?vid=BCULVD2241207</subfield><subfield code="z">Googlos 2007-2009</subfield></datafield><datafield ind1=" " ind2=" " tag="900"><subfield code="a">REROswissbibnomerge</subfield></datafield><datafield ind1=" " ind2=" " tag="993"><subfield code="a">MHR M NIC 1</subfield><subfield code="x">ge/mhr-/2478</subfield><subfield code="9">LOCAL</subfield></datafield></record>
</metadata></record>