<record><header><identifier>oai:alma.41SLSP_UGE:991000024059705502</identifier><datestamp>2023-06-30T00:20:36Z</datestamp><setSpec>uge_bcen_RapidILL_BOOK</setSpec><setSpec>uge_aaca_RapidILL_BOOK</setSpec><setSpec>uge_abels_RapidILL_BOOK</setSpec><setSpec>uge_dbu_RapidILL_BOOK</setSpec><setSpec>uge_cmu_RapidILL_BOOK</setSpec><setSpec>uge_mail_RapidILL_BOOK</setSpec><setSpec>uge_abbat_RapidILL_BOOK</setSpec><setSpec>UNIGE_ALL</setSpec><setSpec>uge_acar_RapidILL_BOOK</setSpec><setSpec>uge_aobs_RapidILL_BOOK</setSpec></header><metadata>
<record xmlns="http://www.loc.gov/MARC21/slim" xmlns:xsi="http://www.w3.org/2001/XMLSchema-instance" xsi:schemaLocation="http://www.loc.gov/MARC21/slim http://www.loc.gov/standards/marcxml/schema/MARC21slim.xsd"><leader>06350nam a2200793 c 4500</leader><controlfield tag="001">991000024059705502</controlfield><controlfield tag="005">20230629195148.0</controlfield><controlfield tag="008">201012s2018    sz ||||| m||| 00| ||ger d</controlfield><datafield ind1=" " ind2=" " tag="019"><subfield code="a">Catalogage: décrit l'ex. de thèse</subfield><subfield code="5">RERO/ifisdc/11.2018</subfield></datafield><datafield ind1=" " ind2=" " tag="035"><subfield code="a">(swissbib)233372571-41slsp_network</subfield></datafield><datafield ind1=" " ind2=" " tag="035"><subfield code="a">233372571</subfield><subfield code="9">ExL</subfield></datafield><datafield ind1=" " ind2=" " tag="035"><subfield code="a">(RERO)R008866591-41slsp</subfield></datafield><datafield ind1=" " ind2=" " tag="035"><subfield code="a">(IDSLU)001341964ILU01</subfield></datafield><datafield ind1=" " ind2=" " tag="035"><subfield code="a">(IDSBB)006847503DSV01</subfield></datafield><datafield ind1=" " ind2=" " tag="035"><subfield code="a">(IDSSG)001026819HSB01</subfield></datafield><datafield ind1=" " ind2=" " tag="035"><subfield code="a">(NEBIS)011310202EBI01</subfield></datafield><datafield ind1=" " ind2=" " tag="035"><subfield code="a">(EXLNZ-41SLSP_NETWORK)991050087099705501</subfield></datafield><datafield ind1=" " ind2=" " tag="040"><subfield code="a">SzZuIDS BS/BE B464</subfield><subfield code="b">ger</subfield><subfield code="e">rda</subfield><subfield code="d">CH-ZuSLS</subfield></datafield><datafield ind1="0" ind2=" " tag="041"><subfield code="a">ger</subfield></datafield><datafield ind1=" " ind2=" " tag="044"><subfield code="a">sz</subfield><subfield code="c">ch-be</subfield></datafield><datafield ind1=" " ind2="7" tag="072"><subfield code="a">dr</subfield><subfield code="2">rero</subfield></datafield><datafield ind1=" " ind2="7" tag="072"><subfield code="a">807</subfield><subfield code="2">IDS LU</subfield></datafield><datafield ind1=" " ind2="7" tag="072"><subfield code="a">841</subfield><subfield code="2">IDS LU</subfield></datafield><datafield ind1="1" ind2="4" tag="082"><subfield code="a">340</subfield><subfield code="2">15</subfield></datafield><datafield ind1=" " ind2=" " tag="084"><subfield code="a">CA/CH 73.2 h</subfield><subfield code="2">cjurrom</subfield></datafield><datafield ind1=" " ind2=" " tag="084"><subfield code="a">CA/CH 97 h</subfield><subfield code="2">cjurrom</subfield></datafield><datafield ind1="1" ind2=" " tag="100"><subfield code="a">Strik, Manfred</subfield><subfield code="0">(RERO)A027408137</subfield><subfield code="4">cre</subfield></datafield><datafield ind1="1" ind2="0" tag="245"><subfield code="a">&lt;&lt;Das&gt;&gt; Verfahrensrecht bei der Wohn- und Geschäftsraummiete nach der Schweizerischen Zivilprozessordnung (ZPO)</subfield><subfield code="c">Manfred Strik</subfield></datafield><datafield ind1=" " ind2="1" tag="264"><subfield code="a">[Bern]</subfield><subfield code="b">[éditeur non identifié]</subfield><subfield code="c">2018</subfield></datafield><datafield ind1=" " ind2=" " tag="300"><subfield code="a">XV, 206 Seiten</subfield></datafield><datafield ind1=" " ind2=" " tag="336"><subfield code="b">txt</subfield><subfield code="2">rdacontent</subfield></datafield><datafield ind1=" " ind2=" " tag="337"><subfield code="b">n</subfield><subfield code="2">rdamedia</subfield></datafield><datafield ind1=" " ind2=" " tag="338"><subfield code="b">nc</subfield><subfield code="2">rdacarrier</subfield></datafield><datafield ind1=" " ind2=" " tag="502"><subfield code="b">Dissertation</subfield><subfield code="c">Rechtswissenschaftliche Fakultät der Universität Bern</subfield><subfield code="d">2018</subfield></datafield><datafield ind1=" " ind2=" " tag="504"><subfield code="a">Literaturverz.</subfield></datafield><datafield ind1=" " ind2="7" tag="650"><subfield code="a">Miete</subfield><subfield code="9">ger</subfield><subfield code="0">(RERO)jurivoc000014979ger</subfield><subfield code="2">jurivoc</subfield></datafield><datafield ind1=" " ind2="7" tag="650"><subfield code="a">Wohnraum</subfield><subfield code="9">ger</subfield><subfield code="0">(RERO)jurivoc000026816ger</subfield><subfield code="2">jurivoc</subfield></datafield><datafield ind1=" " ind2="7" tag="650"><subfield code="a">gewerbliche Räumlichkeit</subfield><subfield code="9">ger</subfield><subfield code="0">(RERO)jurivoc000010061ger</subfield><subfield code="2">jurivoc</subfield></datafield><datafield ind1=" " ind2="7" tag="650"><subfield code="a">Einigungsverfahren</subfield><subfield code="9">ger</subfield><subfield code="0">(RERO)jurivoc000006454ger</subfield><subfield code="2">jurivoc</subfield></datafield><datafield ind1=" " ind2="7" tag="650"><subfield code="a">summarisches Verfahren</subfield><subfield code="9">ger</subfield><subfield code="0">(RERO)jurivoc000022053ger</subfield><subfield code="2">jurivoc</subfield></datafield><datafield ind1=" " ind2="7" tag="650"><subfield code="a">ordentliches Verfahren</subfield><subfield code="9">ger</subfield><subfield code="0">(RERO)jurivoc000016584ger</subfield><subfield code="2">jurivoc</subfield></datafield><datafield ind1=" " ind2="7" tag="650"><subfield code="a">Zivilprozess</subfield><subfield code="9">ger</subfield><subfield code="0">(RERO)jurivoc000027110ger</subfield><subfield code="2">jurivoc</subfield></datafield><datafield ind1=" " ind2="7" tag="650"><subfield code="a">Revision(Rechtssetzung)</subfield><subfield code="9">ger</subfield><subfield code="0">(RERO)jurivoc000018895ger</subfield><subfield code="2">jurivoc</subfield></datafield><datafield ind1=" " ind2="7" tag="650"><subfield code="a">Gesetzesentwurf</subfield><subfield code="9">ger</subfield><subfield code="0">(RERO)jurivoc000009889ger</subfield><subfield code="2">jurivoc</subfield></datafield><datafield ind1=" " ind2="7" tag="650"><subfield code="a">Procédure civile</subfield><subfield code="0">(IDREF)028941314</subfield><subfield code="2">idref</subfield></datafield><datafield ind1=" " ind2="7" tag="650"><subfield code="a">Baux d'habitation</subfield><subfield code="0">(IDREF)027496295</subfield><subfield code="2">idref</subfield></datafield><datafield ind1=" " ind2="7" tag="650"><subfield code="a">Baux commerciaux</subfield><subfield code="0">(IDREF)02725982X</subfield><subfield code="2">idref</subfield></datafield><datafield ind1=" " ind2="7" tag="650"><subfield code="a">Mietstreitigkeit</subfield><subfield code="0">(DE-588)4169798-4</subfield><subfield code="2">gnd</subfield></datafield><datafield ind1=" " ind2="7" tag="650"><subfield code="a">Verfahrensrecht</subfield><subfield code="0">(DE-588)4126493-9</subfield><subfield code="2">gnd</subfield></datafield><datafield ind1=" " ind2="7" tag="650"><subfield code="a">Zivilprozessrecht</subfield><subfield code="0">(DE-588)4117728-9</subfield><subfield code="2">gnd</subfield></datafield><datafield ind1=" " ind2="7" tag="650"><subfield code="a">Verfahren</subfield><subfield code="0">(DE-588)4187669-6</subfield><subfield code="2">gnd</subfield></datafield><datafield ind1=" " ind2="7" tag="650"><subfield code="a">Zivilprozess</subfield><subfield code="0">(DE-588)4067911-1</subfield><subfield code="2">gnd</subfield></datafield><datafield ind1=" " ind2="7" tag="650"><subfield code="a">Geschäftsraummiete</subfield><subfield code="0">(DE-588)4129091-4</subfield><subfield code="2">gnd</subfield></datafield><datafield ind1=" " ind2="7" tag="650"><subfield code="a">Mietrecht</subfield><subfield code="0">(DE-588)4074781-5</subfield><subfield code="2">gnd</subfield></datafield><datafield ind1=" " ind2="7" tag="651"><subfield code="a">Schweiz</subfield><subfield code="9">ger</subfield><subfield code="0">(RERO)jurivoc000019912ger</subfield><subfield code="2">jurivoc</subfield></datafield><datafield ind1=" " ind2="7" tag="651"><subfield code="a">Suisse</subfield><subfield code="0">(IDREF)027249654</subfield><subfield code="2">idref</subfield></datafield><datafield ind1=" " ind2="7" tag="651"><subfield code="a">Schweiz</subfield><subfield code="0">(DE-588)4053881-3</subfield><subfield code="2">gnd</subfield></datafield><datafield ind1=" " ind2="7" tag="655"><subfield code="a">Thèses et écrits académiques</subfield><subfield code="0">(IDREF)027253139</subfield><subfield code="2">idref</subfield></datafield><datafield ind1=" " ind2="7" tag="655"><subfield code="a">Hochschulschrift</subfield><subfield code="2">gnd-content</subfield></datafield><datafield ind1=" " ind2=" " tag="690"><subfield code="a">Zivilprozessrecht; Meinung; Schlichtung; Kündigungsschutz; Mietrecht; Klage; Rechtsprechung; Gesetzgebung; Prozesskosten; Zins; Regelung; Anfechtung; Berechnung; Streit; Konkurs; Handelsrecht; Kumulation; wissenschaftliche Abhandlung; Rechtsberatung; Rechtsschutz; Wiederherstellung; Cc; Zweitwohnung; Urteil; Behörde; Revision; Ablehnung; Ausweisung; Einigung; Entschädigung; Erhöhung; Ermächtigung; Forderung; Intervention; Stellung</subfield><subfield code="2">idssg-J</subfield></datafield><datafield ind1=" " ind2=" " tag="690"><subfield code="a">Lehrmeinung; Schlichtungsverfahren; Kündigungsanfechtung; Streitwertberechnung; Klagebewilligung; Kostenregelung; Aberkennungsklage; Hauptintervention; Inauguraldissertation; Mietminderung; Mietverfahren; Mietzinserhöhung; Nettomietzins; Parteientschädigung; Schlichtungsgesuch; Streitverkündungsklage; Untersuchungsmaxime; Gesetzgebungsprozess; Klagenhäufung; Schriftenwechsel; Disziplinarmaßnahme; Mietzinsstreitigkeit; Nebenkosten; Rechtslage; Verfahrensregelung; Vertragsänderung; Beweisaufnahme; Geschäftsraummiete; Anwendungsfall; Ferienwohnungsmiete; Klageeinreichung; Konsumentenstreitigkeit; Kostenbefreiung; Mietverhältnis; Nichtöffentlichkeit; Rechtsberatungstätigkeit; Rechtsverhältnis; Rücksichtnahme; Schlussfolgerunge; Urteilsvorschlag; Wohnraummiete; Anwendungsbereich; Ausstandsgrund; Erscheinungspflicht; Gemeinsamt; Handelsgericht; Kernbereich; Klägerrolle; Kündigungssperrfrist; Mietobjekt; Ordnungsbus; Rechtsbegehren; Rechtsberatungsstelle; Schlichtungsbehörde; Stellungnahme; Streitgenossenschaft; Streitwert; Tate; Verfahrensart; Zeitraum</subfield><subfield code="2">idssg-J</subfield></datafield><datafield ind1=" " ind2=" " tag="690"><subfield code="a">allfälliger Prozess; andere Forderung; gleiche Zuständigkeit; streitwertabhängiges Rechtsbegehren; besondere Verfahrensregelung; bundesgerichtliche Lehrmeinung; bundesgerichtliche Rechtsprechung; einseitige Vertragsänderung; einseitiger Verzicht; einzelnes Beispiel; einzelne Streitigkeit; erstinstanzlicher Prozess; gelegene Sache; gemeinsame Miete; gemeinsamer Verzicht; gesetzliche Ausnahme; gesetzlicher Gerichtsstand; gleiche Verfahrensart; handelsrechtliche Streitigkeit; juristische Person; kantonale Kompetenz; klarer Fall; maßgeblicher Zeitraum; mietrechtliche Streitigkeit; mietrechtliches Verfahren; missbräuchlich Mietzinse; missbräuchliche Forderung; missbräuchlicher Mietzins; notwendige Streitgenossenschaft; objektive Klagenhäufung; offene Frage; ordentliches Verfahren; paritätische Schlichtungsbehörde; persönliches Erscheinen; persönliche Erscheinungspflicht; rechtswissenschaftliche Fakultät; sachliche Zuständigkeit; schriftliche Ermächtigung; schweizerische Zivilprozessordnung; soziale Untersuchungsmaxime; streitwertunabhängiges Rechtsbegehren; unbefristetes Mietverhältnis; unbewegliche Sache; vereinfachtes Verfahren; vorsorgliche Maßnahme; wichtiger Grund; örtliche Zuständigkeit</subfield><subfield code="2">idssg-J</subfield></datafield><datafield ind1=" " ind2=" " tag="690"><subfield code="a">Schweiz C4EXSI; Italien C4EUIT; China C9CHIN</subfield><subfield code="2">idssg-J</subfield></datafield><datafield ind1=" " ind2=" " tag="690"><subfield code="a">Florenz Die; gutacht Prof. Dr. Thomas Koller; Manfred Strik; Prof. Dr. Alexander Markus; Teil Ausblick Revision</subfield><subfield code="2">idssg-J</subfield></datafield><datafield ind1=" " ind2=" " tag="691"><subfield code="e">PC 73.2 CH</subfield><subfield code="2">rzs-L1</subfield></datafield><datafield ind1="0" ind2="8" tag="776"><subfield code="i">Erscheint auch als Online-Ausgabe</subfield><subfield code="t">&lt;&lt;Das&gt;&gt; Verfahrensrecht bei der Wohn- und Geschäftsraummiete nach der Schweizerischen Zivilprozessordnung (ZPO)</subfield><subfield code="w">(IDSBB)006850684DSV01</subfield></datafield><datafield ind1="4" ind2=" " tag="856"><subfield code="3">Inhaltsverzeichnis</subfield><subfield code="u">https://www.ub.unibas.ch/tox/IDSLUZ/001341964/PDF</subfield><subfield code="q">pdf</subfield></datafield><datafield ind1=" " ind2=" " tag="900"><subfield code="a">Stoppsignal FRED</subfield></datafield><datafield ind1=" " ind2=" " tag="900"><subfield code="a">IDSZ2rwidat201811e</subfield><subfield code="c">IDSZ2biss 181111</subfield><subfield code="d">IDSZ2rwiswk201811b</subfield><subfield code="e">IDSZ2cont</subfield></datafield><datafield ind1=" " ind2=" " tag="949"><subfield code="a">https://www.ub.unibas.ch/tox/IDSLUZ/001341964/PDF</subfield></datafield></record>
</metadata></record><record><header status="deleted"><identifier>oai:alma.41SLSP_UGE:991000024579705502</identifier><datestamp>2024-06-22T00:12:32Z</datestamp><setSpec>uge_bcen_RapidILL_BOOK</setSpec><setSpec>uge_aaca_RapidILL_BOOK</setSpec><setSpec>uge_abels_RapidILL_BOOK</setSpec><setSpec>uge_dbu_RapidILL_BOOK</setSpec><setSpec>uge_cmu_RapidILL_BOOK</setSpec><setSpec>uge_mail_RapidILL_BOOK</setSpec><setSpec>UNIGE_ALL</setSpec><setSpec>uge_abbat_RapidILL_BOOK</setSpec><setSpec>uge_aobs_RapidILL_BOOK</setSpec><setSpec>uge_acar_RapidILL_BOOK</setSpec></header></record>