<record><header><identifier>oai:alma.41SLSP_UGE:991000024159705502</identifier><datestamp>2024-10-05T00:06:54Z</datestamp><setSpec>uge_cmu_RapidILL_JOURNAL</setSpec><setSpec>uge_aobs_RapidILL_JOURNAL</setSpec><setSpec>uge_aaca_RapidILL_JOURNAL</setSpec><setSpec>uge_bcen_RapidILL_JOURNAL</setSpec><setSpec>uge_abbat_RapidILL_JOURNAL</setSpec><setSpec>uge_dbu_RapidILL_JOURNAL</setSpec><setSpec>uge_mail_RapidILL_JOURNAL</setSpec><setSpec>uge_abels_RapidILL_JOURNAL</setSpec><setSpec>UNIGE_ALL</setSpec><setSpec>uge_acar_RapidILL_JOURNAL</setSpec></header><metadata>
<record xmlns="http://www.loc.gov/MARC21/slim" xmlns:xsi="http://www.w3.org/2001/XMLSchema-instance" xsi:schemaLocation="http://www.loc.gov/MARC21/slim http://www.loc.gov/standards/marcxml/schema/MARC21slim.xsd"><leader>01956nas a2200529 c 4500</leader><controlfield tag="001">991000024159705502</controlfield><controlfield tag="005">20241004211151.0</controlfield><controlfield tag="008">201012c19559999xxu | p       0    0eng  </controlfield><datafield ind1="7" ind2=" " tag="016"><subfield code="a">80102-1</subfield><subfield code="2">ZDB</subfield></datafield><datafield ind1=" " ind2=" " tag="022"><subfield code="l">0009-9147</subfield></datafield><datafield ind1=" " ind2=" " tag="022"><subfield code="a">0009-9147</subfield></datafield><datafield ind1=" " ind2=" " tag="022"><subfield code="y">1530-8561</subfield></datafield><datafield ind1=" " ind2=" " tag="035"><subfield code="a">(swissbib)238969584-41slsp_network</subfield></datafield><datafield ind1=" " ind2=" " tag="035"><subfield code="a">238969584</subfield><subfield code="9">ExL</subfield></datafield><datafield ind1=" " ind2=" " tag="035"><subfield code="a">(NEBIS)004337901EBI01</subfield></datafield><datafield ind1=" " ind2=" " tag="035"><subfield code="a">(RERO)0702153-41slsp</subfield></datafield><datafield ind1=" " ind2=" " tag="035"><subfield code="a">(IDSBB)000011909DSV01</subfield></datafield><datafield ind1=" " ind2=" " tag="035"><subfield code="a">(EXLNZ-41SLSP_NETWORK)991086111149705501</subfield></datafield><datafield ind1=" " ind2=" " tag="040"><subfield code="a">SzZuIDS NEBIS ETH-BIB</subfield><subfield code="b">ger</subfield><subfield code="e">rda</subfield><subfield code="d">CH-ZuSLS</subfield></datafield><datafield ind1=" " ind2="7" tag="072"><subfield code="a">me</subfield><subfield code="2">rero</subfield></datafield><datafield ind1=" " ind2="7" tag="072"><subfield code="a">me</subfield><subfield code="2">SzZuIDS BS/BE</subfield></datafield><datafield ind1="1" ind2="4" tag="082"><subfield code="a">610</subfield><subfield code="2">15</subfield></datafield><datafield ind1="1" ind2=" " tag="210"><subfield code="a">Clin. chem.</subfield><subfield code="b">Baltim. Md.</subfield></datafield><datafield ind1="0" ind2="0" tag="245"><subfield code="a">Clinical chemistry</subfield><subfield code="c">publ. by the American Association for Clinical Chemistry</subfield></datafield><datafield ind1="1" ind2="3" tag="246"><subfield code="a">Clin-Chem</subfield></datafield><datafield ind1=" " ind2="1" tag="264"><subfield code="a">Washington, D.C.</subfield><subfield code="b">American Association for Clinical Chemistry</subfield><subfield code="c">1955-</subfield><subfield code="3">1955-2019</subfield></datafield><datafield ind1="3" ind2="1" tag="264"><subfield code="a">Oxford</subfield><subfield code="b">Oxford University Press</subfield><subfield code="3">2020-</subfield></datafield><datafield ind1=" " ind2=" " tag="300"><subfield code="c">25 [puis] 28 cm</subfield></datafield><datafield ind1=" " ind2=" " tag="310"><subfield code="a">Monatlich</subfield></datafield><datafield ind1=" " ind2=" " tag="336"><subfield code="b">txt</subfield><subfield code="2">rdacontent</subfield></datafield><datafield ind1=" " ind2=" " tag="337"><subfield code="b">n</subfield><subfield code="2">rdamedia</subfield></datafield><datafield ind1=" " ind2=" " tag="338"><subfield code="b">nc</subfield><subfield code="2">rdacarrier</subfield></datafield><datafield ind1="0" ind2=" " tag="362"><subfield code="a">Volume 1, no. 1 (1955)-</subfield></datafield><datafield ind1=" " ind2=" " tag="500"><subfield code="a">Mention &quot;Reference edition&quot; de 29(1983) à 40(1994)</subfield></datafield><datafield ind1=" " ind2=" " tag="500"><subfield code="a">Mit: Supplementary issue</subfield></datafield><datafield ind1=" " ind2="7" tag="650"><subfield code="a">KLINISCHE CHEMIE + MEDIZINISCHE LABORUNTERSUCHUNG (MEDIZINISCHE DIAGNOSTIK)</subfield><subfield code="9">ger</subfield><subfield code="0">(ETHUDK)000037855</subfield><subfield code="2">ethudk</subfield></datafield><datafield ind1=" " ind2="2" tag="650"><subfield code="a">Chemistry, Clinical</subfield></datafield><datafield ind1=" " ind2="2" tag="650"><subfield code="a">Biochemistry</subfield></datafield><datafield ind1=" " ind2="7" tag="650"><subfield code="a">Biochemie</subfield><subfield code="v">Zeitschrift</subfield><subfield code="2">idsbb</subfield></datafield><datafield ind1=" " ind2="2" tag="650"><subfield code="a">Chemistry, Clinical</subfield><subfield code="0">(DNLM)D002624</subfield></datafield><datafield ind1=" " ind2="2" tag="655"><subfield code="a">Periodical</subfield></datafield><datafield ind1=" " ind2="7" tag="655"><subfield code="a">Zeitschrift</subfield><subfield code="2">gnd-content</subfield></datafield><datafield ind1=" " ind2="2" tag="655"><subfield code="a">Periodical</subfield><subfield code="0">(DNLM)D020492</subfield></datafield><datafield ind1="2" ind2=" " tag="710"><subfield code="a">American Association for Clinical Chemistry</subfield><subfield code="0">(DE-588)4658336-1</subfield><subfield code="e">Herausgebendes Organ</subfield><subfield code="4">isb</subfield><subfield code="6">880-02</subfield></datafield><datafield ind1="2" ind2=" " tag="880"><subfield code="6">710-02</subfield><subfield code="a">American association for clinical chemistry</subfield><subfield code="0">(IDREF)050182706</subfield></datafield><datafield ind1="0" ind2="8" tag="776"><subfield code="i">Erscheint auch als Online-Ausgabe</subfield><subfield code="t">Clinical chemistry</subfield><subfield code="x">1530-8561</subfield><subfield code="w">(IDSBB)006629832DSV01</subfield></datafield><datafield ind1=" " ind2=" " tag="900"><subfield code="a">NEBISnoselfmerge</subfield></datafield><datafield ind1=" " ind2=" " tag="900"><subfield code="a">REROnoselfmerge</subfield></datafield></record>
</metadata></record>