<record><header><identifier>oai:alma.41SLSP_UGE:991000023849705502</identifier><datestamp>2023-06-30T00:20:37Z</datestamp><setSpec>uge_bcen_RapidILL_BOOK</setSpec><setSpec>uge_aaca_RapidILL_BOOK</setSpec><setSpec>uge_abels_RapidILL_BOOK</setSpec><setSpec>uge_dbu_RapidILL_BOOK</setSpec><setSpec>uge_cmu_RapidILL_BOOK</setSpec><setSpec>uge_mail_RapidILL_BOOK</setSpec><setSpec>uge_abbat_RapidILL_BOOK</setSpec><setSpec>UNIGE_ALL</setSpec><setSpec>uge_aobs_RapidILL_BOOK</setSpec><setSpec>uge_acar_RapidILL_BOOK</setSpec></header><metadata>
<record xmlns="http://www.loc.gov/MARC21/slim" xmlns:xsi="http://www.w3.org/2001/XMLSchema-instance" xsi:schemaLocation="http://www.loc.gov/MARC21/slim http://www.loc.gov/standards/marcxml/schema/MARC21slim.xsd"><leader>01177nam a2200241 c 4500</leader><controlfield tag="001">991000023849705502</controlfield><controlfield tag="005">20230629091827.0</controlfield><controlfield tag="008">180913s2017    gr ||||| |||| 00| ||gre d</controlfield><datafield ind1=" " ind2=" " tag="020"><subfield code="a">9786185231286</subfield></datafield><datafield ind1=" " ind2=" " tag="035"><subfield code="a">(swissbib)125075472-41slsp_network</subfield></datafield><datafield ind1=" " ind2=" " tag="035"><subfield code="a">125075472</subfield><subfield code="9">ExL</subfield></datafield><datafield ind1=" " ind2=" " tag="035"><subfield code="a">(RERO)R008839178-41slsp</subfield></datafield><datafield ind1=" " ind2=" " tag="035"><subfield code="a">(EXLNZ-41SLSP_NETWORK)991110442029705501</subfield></datafield><datafield ind1=" " ind2=" " tag="040"><subfield code="a">RERO geulgm</subfield><subfield code="d">CH-ZuSLS</subfield></datafield><datafield ind1=" " ind2="7" tag="072"><subfield code="a">gr</subfield><subfield code="2">rero</subfield></datafield><datafield ind1="1" ind2=" " tag="100"><subfield code="6">880-01</subfield><subfield code="a">Toumarás, Níkos</subfield><subfield code="d">1994-....</subfield><subfield code="0">(IDREF)270726586</subfield><subfield code="4">aut</subfield></datafield><datafield ind1="1" ind2=" " tag="880"><subfield code="6">100-01/(S</subfield><subfield code="a">Τουμαράς, Νίκος</subfield><subfield code="d">1994-....</subfield></datafield><datafield ind1="1" ind2="0" tag="245"><subfield code="a">Φυσιογνωμία</subfield><subfield code="b">αλλοιωμένη αλήθεια</subfield><subfield code="c">Νίκος Τουμαράς</subfield></datafield><datafield ind1=" " ind2="1" tag="264"><subfield code="a">Αθήνα</subfield><subfield code="b">Εστία</subfield><subfield code="c">2017</subfield></datafield><datafield ind1=" " ind2=" " tag="300"><subfield code="a">457 p.</subfield></datafield><datafield ind1=" " ind2=" " tag="336"><subfield code="b">txt</subfield><subfield code="2">rdacontent</subfield></datafield><datafield ind1=" " ind2=" " tag="337"><subfield code="b">n</subfield><subfield code="2">rdamedia</subfield></datafield><datafield ind1=" " ind2=" " tag="338"><subfield code="b">nc</subfield><subfield code="2">rdacarrier</subfield></datafield><datafield ind1=" " ind2=" " tag="900"><subfield code="a">REROnoselfmerge</subfield></datafield></record>
</metadata></record>