<record><header><identifier>oai:alma.41SLSP_UGE:991000023739705502</identifier><datestamp>2023-03-01T01:08:48Z</datestamp><setSpec>uge_bcen_RapidILL_BOOK</setSpec><setSpec>uge_aaca_RapidILL_BOOK</setSpec><setSpec>uge_abels_RapidILL_BOOK</setSpec><setSpec>uge_dbu_RapidILL_BOOK</setSpec><setSpec>uge_cmu_RapidILL_BOOK</setSpec><setSpec>uge_mail_RapidILL_BOOK</setSpec><setSpec>UNIGE_ALL</setSpec><setSpec>uge_abbat_RapidILL_BOOK</setSpec><setSpec>uge_aobs_RapidILL_BOOK</setSpec><setSpec>uge_acar_RapidILL_BOOK</setSpec></header><metadata>
<record xmlns="http://www.loc.gov/MARC21/slim" xmlns:xsi="http://www.w3.org/2001/XMLSchema-instance" xsi:schemaLocation="http://www.loc.gov/MARC21/slim http://www.loc.gov/standards/marcxml/schema/MARC21slim.xsd"><leader>01864nam a2200457 c 4500</leader><controlfield tag="001">991000023739705502</controlfield><controlfield tag="005">20210130184142.0</controlfield><controlfield tag="008">201011s2003    sp ||||| |||| 00| ||spa d</controlfield><datafield ind1=" " ind2=" " tag="019"><subfield code="a">Jiménez Gómez, Hilario (1974-)</subfield></datafield><datafield ind1=" " ind2=" " tag="020"><subfield code="a">9788497421447</subfield></datafield><datafield ind1=" " ind2=" " tag="020"><subfield code="a">8497421442</subfield><subfield code="c">€ 19.80</subfield></datafield><datafield ind1="7" ind2=" " tag="024"><subfield code="a">http://catalogue.bnf.fr/ark:/12148/cb39071566m</subfield><subfield code="2">uri</subfield></datafield><datafield ind1=" " ind2=" " tag="035"><subfield code="a">(swissbib)220773084-41slsp_network</subfield></datafield><datafield ind1=" " ind2=" " tag="035"><subfield code="a">220773084</subfield><subfield code="9">ExL</subfield></datafield><datafield ind1=" " ind2=" " tag="035"><subfield code="a">(RERO)R003608085-41slsp</subfield></datafield><datafield ind1=" " ind2=" " tag="035"><subfield code="a">(IDSBB)006169465DSV01</subfield></datafield><datafield ind1=" " ind2=" " tag="035"><subfield code="a">(NEBIS)004588904EBI01</subfield></datafield><datafield ind1=" " ind2=" " tag="035"><subfield code="a">(EXLNZ-41SLSP_NETWORK)991096329989705501</subfield></datafield><datafield ind1=" " ind2=" " tag="040"><subfield code="a">RERO neubfl</subfield><subfield code="d">CH-ZuSLS</subfield></datafield><datafield ind1=" " ind2="7" tag="072"><subfield code="a">es</subfield><subfield code="2">rero</subfield></datafield><datafield ind1=" " ind2="7" tag="072"><subfield code="a">es</subfield><subfield code="2">SzZuIDS BS/BE</subfield></datafield><datafield ind1="0" ind2="0" tag="082"><subfield code="a">868/.6209</subfield><subfield code="a">B</subfield><subfield code="2">22</subfield></datafield><datafield ind1="1" ind2=" " tag="100"><subfield code="a">Jiménez Gómez, Hilario</subfield><subfield code="d">1974-....</subfield><subfield code="0">(IDREF)081540795</subfield><subfield code="4">cre</subfield></datafield><datafield ind1="1" ind2="0" tag="245"><subfield code="a">Lorca y Alberti, dos poetas en un espejo (1924-1936)</subfield><subfield code="c">Hilario Jiménez Gómez ; [pról. de Luis García Montero]</subfield></datafield><datafield ind1=" " ind2="1" tag="264"><subfield code="a">Madrid</subfield><subfield code="b">Biblioteca Nueva</subfield><subfield code="a">[Cáceres]</subfield><subfield code="b">Diputación de Cáceres, Institución Cultural El Brocense</subfield><subfield code="c">2003</subfield></datafield><datafield ind1=" " ind2=" " tag="300"><subfield code="a">331 p.</subfield><subfield code="b">ill.</subfield><subfield code="c">22 cm</subfield></datafield><datafield ind1=" " ind2=" " tag="336"><subfield code="b">txt</subfield><subfield code="2">rdacontent</subfield></datafield><datafield ind1=" " ind2=" " tag="337"><subfield code="b">n</subfield><subfield code="2">rdamedia</subfield></datafield><datafield ind1=" " ind2=" " tag="338"><subfield code="b">nc</subfield><subfield code="2">rdacarrier</subfield></datafield><datafield ind1="1" ind2="7" tag="600"><subfield code="a">Alberti, Rafael</subfield><subfield code="d">1902-1999</subfield><subfield code="0">(IDREF)026648202</subfield><subfield code="2">idref</subfield></datafield><datafield ind1="1" ind2="7" tag="600"><subfield code="a">García Lorca, Federico</subfield><subfield code="d">1898-1936</subfield><subfield code="0">(IDREF)027323307</subfield><subfield code="2">idref</subfield></datafield><datafield ind1="1" ind2="7" tag="600"><subfield code="a">Alberti, Rafael</subfield><subfield code="d">1902-1999</subfield><subfield code="0">(DE-588)118501496</subfield><subfield code="2">gnd</subfield></datafield><datafield ind1="1" ind2="7" tag="600"><subfield code="a">García Lorca, Federico</subfield><subfield code="d">1898-1936</subfield><subfield code="0">(DE-588)118537598</subfield><subfield code="2">gnd</subfield></datafield><datafield ind1="1" ind2="7" tag="600"><subfield code="a">Alberti, Rafael</subfield><subfield code="2">idszbz</subfield></datafield><datafield ind1="1" ind2="7" tag="600"><subfield code="a">García Lorca, Federico</subfield><subfield code="2">idszbz</subfield></datafield><datafield ind1="1" ind2="0" tag="600"><subfield code="a">Alberti, Rafael</subfield><subfield code="d">1902-1999</subfield><subfield code="x">Friends and associates</subfield></datafield><datafield ind1="1" ind2="0" tag="600"><subfield code="a">García Lorca, Federico</subfield><subfield code="d">1898-1936</subfield><subfield code="x">Friends and associates</subfield></datafield><datafield ind1=" " ind2="7" tag="648"><subfield code="a">Geschichte 1924-1936</subfield><subfield code="2">gnd</subfield></datafield><datafield ind1=" " ind2="7" tag="650"><subfield code="a">1924-1936</subfield><subfield code="2">rero</subfield></datafield><datafield ind1=" " ind2="0" tag="650"><subfield code="a">Authors, Spanish</subfield><subfield code="y">20th century</subfield><subfield code="v">Biography</subfield></datafield><datafield ind1=" " ind2=" " tag="900"><subfield code="a">REROnoselfmerge</subfield></datafield><datafield ind1=" " ind2=" " tag="900"><subfield code="a">IDSZ2zbzmon200401e</subfield><subfield code="c">IDSZ2meyc</subfield><subfield code="d">IDSZ2zbzswk200401b</subfield><subfield code="e">IDSZ2brua</subfield></datafield><datafield ind1=" " ind2=" " tag="993"><subfield code="a">BFLA 176122</subfield><subfield code="x">ge/ules/a/04/555</subfield><subfield code="x">ge/ules/a/04/298</subfield><subfield code="9">LOCAL</subfield></datafield></record>
</metadata></record>