<record><header><identifier>oai:alma.41SLSP_UGE:991000023949705502</identifier><datestamp>2023-03-01T01:08:48Z</datestamp><setSpec>UNIGE_ALL</setSpec></header><metadata>
<record xmlns="http://www.loc.gov/MARC21/slim" xmlns:xsi="http://www.w3.org/2001/XMLSchema-instance" xsi:schemaLocation="http://www.loc.gov/MARC21/slim http://www.loc.gov/standards/marcxml/schema/MARC21slim.xsd"><leader>01156njm a22003137c 4500</leader><controlfield tag="001">991000023949705502</controlfield><controlfield tag="005">20211117175049.0</controlfield><controlfield tag="007">sd b||||||||||</controlfield><controlfield tag="008">110122nuuuuuuuuxx ||n |            mul d</controlfield><datafield ind1="0" ind2="2" tag="028"><subfield code="a">Electrola 1 C 065-00 632</subfield></datafield><datafield ind1=" " ind2=" " tag="035"><subfield code="a">(swissbib)113542135-41slsp_network</subfield></datafield><datafield ind1=" " ind2=" " tag="035"><subfield code="a">113542135</subfield><subfield code="9">ExL</subfield></datafield><datafield ind1=" " ind2=" " tag="035"><subfield code="a">(RERO)R006019074-41slsp</subfield></datafield><datafield ind1=" " ind2=" " tag="035"><subfield code="a">(EXLNZ-41SLSP_NETWORK)991104315739705501</subfield></datafield><datafield ind1=" " ind2=" " tag="040"><subfield code="a">RERO geulmu</subfield><subfield code="d">CH-ZuSLS</subfield></datafield><datafield ind1=" " ind2="7" tag="072"><subfield code="a">mu</subfield><subfield code="2">rero</subfield></datafield><datafield ind1="1" ind2=" " tag="100"><subfield code="a">Fauré, Gabriel</subfield><subfield code="c">compositeur</subfield><subfield code="d">1845-1924</subfield><subfield code="0">(IDREF)026859297</subfield><subfield code="4">cre</subfield></datafield><datafield ind1="1" ind2="0" tag="245"><subfield code="a">Requiem,op.48 pour solistes,choeur et orchestre</subfield><subfield code="c">Gabriel Fauré</subfield></datafield><datafield ind1=" " ind2="1" tag="264"><subfield code="a">Allemagne</subfield><subfield code="b">[éditeur non identifié]</subfield><subfield code="c">[date de publication non identifiée]</subfield></datafield><datafield ind1=" " ind2=" " tag="300"><subfield code="a">1 disque sonore</subfield><subfield code="b">33 t.</subfield></datafield><datafield ind1=" " ind2=" " tag="336"><subfield code="b">prm</subfield><subfield code="2">rdacontent</subfield></datafield><datafield ind1=" " ind2=" " tag="337"><subfield code="b">s</subfield><subfield code="2">rdamedia</subfield></datafield><datafield ind1=" " ind2=" " tag="338"><subfield code="b">sd</subfield><subfield code="2">rdacarrier</subfield></datafield><datafield ind1=" " ind2=" " tag="500"><subfield code="a">Formation: orchestre de chambre, ensemble, choeur</subfield></datafield><datafield ind1=" " ind2=" " tag="500"><subfield code="a">Opus: 48</subfield></datafield><datafield ind1="1" ind2=" " tag="700"><subfield code="a">Cluytens, André</subfield><subfield code="d">1905-1967</subfield><subfield code="0">(IDREF)066510244</subfield></datafield><datafield ind1="1" ind2=" " tag="700"><subfield code="a">Fischer-Dieskau, Dietrich</subfield><subfield code="d">1925-2012</subfield><subfield code="0">(IDREF)03087937X</subfield></datafield><datafield ind1="2" ind2=" " tag="710"><subfield code="a">Choeurs Elisabeth Brasseur</subfield><subfield code="0">(RERO)A006293286</subfield></datafield><datafield ind1="2" ind2=" " tag="710"><subfield code="a">Société des concerts du Conservatoire (Paris)</subfield><subfield code="b">Orchestre</subfield><subfield code="0">(RERO)A000152472</subfield></datafield><datafield ind1=" " ind2=" " tag="900"><subfield code="a">REROnoselfmerge</subfield></datafield><datafield ind1=" " ind2=" " tag="960"><subfield code="2">matmu</subfield><subfield code="a">France ; Postromantisme ; XIX-XXe ; Requiem</subfield><subfield code="9">LOCAL</subfield></datafield></record>
</metadata></record>