<record><header><identifier>oai:alma.41SLSP_UGE:991000024279705502</identifier><datestamp>2023-03-01T01:08:48Z</datestamp><setSpec>uge_bcen_RapidILL_BOOK</setSpec><setSpec>uge_aaca_RapidILL_BOOK</setSpec><setSpec>uge_abels_RapidILL_BOOK</setSpec><setSpec>uge_dbu_RapidILL_BOOK</setSpec><setSpec>uge_cmu_RapidILL_BOOK</setSpec><setSpec>uge_mail_RapidILL_BOOK</setSpec><setSpec>UNIGE_ALL</setSpec><setSpec>uge_abbat_RapidILL_BOOK</setSpec><setSpec>uge_aobs_RapidILL_BOOK</setSpec><setSpec>uge_acar_RapidILL_BOOK</setSpec></header><metadata>
<record xmlns="http://www.loc.gov/MARC21/slim" xmlns:xsi="http://www.w3.org/2001/XMLSchema-instance" xsi:schemaLocation="http://www.loc.gov/MARC21/slim http://www.loc.gov/standards/marcxml/schema/MARC21slim.xsd"><leader>01225nam a2200301 c 4500</leader><controlfield tag="001">991000024279705502</controlfield><controlfield tag="005">20201231112853.0</controlfield><controlfield tag="008">201011s1983    xxc||||| |||| 00| ||eng d</controlfield><datafield ind1=" " ind2=" " tag="035"><subfield code="a">(swissbib)23045903X-41slsp_network</subfield></datafield><datafield ind1=" " ind2=" " tag="035"><subfield code="a">23045903X</subfield><subfield code="9">ExL</subfield></datafield><datafield ind1=" " ind2=" " tag="035"><subfield code="a">(RERO)0920724-41slsp</subfield></datafield><datafield ind1=" " ind2=" " tag="035"><subfield code="a">(NEBIS)000278383EBI01</subfield></datafield><datafield ind1=" " ind2=" " tag="035"><subfield code="a">(EXLNZ-41SLSP_NETWORK)991003874559705501</subfield></datafield><datafield ind1=" " ind2=" " tag="040"><subfield code="a">RERO geussm</subfield><subfield code="d">CH-ZuSLS</subfield></datafield><datafield ind1=" " ind2="7" tag="072"><subfield code="a">ma</subfield><subfield code="2">rero</subfield></datafield><datafield ind1=" " ind2=" " tag="084"><subfield code="a">62M</subfield><subfield code="2">msc</subfield></datafield><datafield ind1="1" ind2=" " tag="100"><subfield code="a">Nanthi, K.</subfield><subfield code="0">(RERO)A003628741</subfield><subfield code="4">cre</subfield></datafield><datafield ind1="1" ind2="0" tag="245"><subfield code="a">Statistical estimation for stochastic processes</subfield><subfield code="c">by K. Nanthi</subfield></datafield><datafield ind1=" " ind2="1" tag="264"><subfield code="a">Kingston Ont.</subfield><subfield code="b">Queen's University</subfield><subfield code="c">1983</subfield></datafield><datafield ind1=" " ind2=" " tag="300"><subfield code="a">VII, 269 p.</subfield><subfield code="c">28 cm</subfield></datafield><datafield ind1=" " ind2=" " tag="336"><subfield code="b">txt</subfield><subfield code="2">rdacontent</subfield></datafield><datafield ind1=" " ind2=" " tag="337"><subfield code="b">n</subfield><subfield code="2">rdamedia</subfield></datafield><datafield ind1=" " ind2=" " tag="338"><subfield code="b">nc</subfield><subfield code="2">rdacarrier</subfield></datafield><datafield ind1="1" ind2=" " tag="490"><subfield code="a">Queen's papers in pure and applied mathematics</subfield><subfield code="v">no. 62</subfield></datafield><datafield ind1=" " ind2="7" tag="650"><subfield code="a">PARAMETERSCHÄTZUNG UND ZUSTANDSSCHÄTZUNG (MATHEMATISCHE STATISTIK)</subfield><subfield code="9">ger</subfield><subfield code="0">(ETHUDK)000013586</subfield><subfield code="2">ethudk</subfield></datafield><datafield ind1=" " ind2="7" tag="650"><subfield code="a">VERZWEIGUNGSPROZESSE + EPIDEMIEPROZESSE (WAHRSCHEINLICHKEITSRECHNUNG)</subfield><subfield code="9">ger</subfield><subfield code="0">(ETHUDK)000013557</subfield><subfield code="2">ethudk</subfield></datafield><datafield ind1=" " ind2=" " tag="830"><subfield code="a">Queen's papers in pure and applied mathematics</subfield><subfield code="v">62</subfield><subfield code="w">(NEBIS)000024412EBI01</subfield></datafield><datafield ind1=" " ind2=" " tag="830"><subfield code="a">Queen's papers in pure and applied mathematics</subfield><subfield code="v">62</subfield><subfield code="w">(RERO)0712657-41slsp</subfield></datafield><datafield ind1=" " ind2=" " tag="900"><subfield code="a">REROnoselfmerge</subfield></datafield></record>
</metadata></record>