<record><header><identifier>oai:alma.41SLSP_UGE:991000023969705502</identifier><datestamp>2024-03-22T01:20:26Z</datestamp><setSpec>uge_bcen_RapidILL_BOOK</setSpec><setSpec>uge_aaca_RapidILL_BOOK</setSpec><setSpec>uge_abels_RapidILL_BOOK</setSpec><setSpec>uge_dbu_RapidILL_BOOK</setSpec><setSpec>uge_cmu_RapidILL_BOOK</setSpec><setSpec>uge_mail_RapidILL_BOOK</setSpec><setSpec>uge_abbat_RapidILL_BOOK</setSpec><setSpec>UNIGE_ALL</setSpec><setSpec>uge_aobs_RapidILL_BOOK</setSpec><setSpec>uge_acar_RapidILL_BOOK</setSpec></header><metadata>
<record xmlns="http://www.loc.gov/MARC21/slim" xmlns:xsi="http://www.w3.org/2001/XMLSchema-instance" xsi:schemaLocation="http://www.loc.gov/MARC21/slim http://www.loc.gov/standards/marcxml/schema/MARC21slim.xsd"><leader>01377nam a2200313 ca4500</leader><controlfield tag="001">991000023969705502</controlfield><controlfield tag="005">20240322001510.0</controlfield><controlfield tag="008">960525m19819999gw ||||| |||| 00| ||ger d</controlfield><datafield ind1=" " ind2=" " tag="019"><subfield code="a">Übergeordnete Aufnahme = Niveau supérieur = Livello superiore</subfield><subfield code="5">SLSP/2020</subfield></datafield><datafield ind1=" " ind2=" " tag="035"><subfield code="a">(swissbib)079047017-41slsp_network</subfield></datafield><datafield ind1=" " ind2=" " tag="035"><subfield code="a">079047017</subfield><subfield code="9">ExL</subfield></datafield><datafield ind1=" " ind2=" " tag="035"><subfield code="a">(RERO)0442935-41slsp</subfield></datafield><datafield ind1=" " ind2=" " tag="035"><subfield code="a">(EXLNZ-41SLSP_NETWORK)991031795769705501</subfield></datafield><datafield ind1=" " ind2=" " tag="040"><subfield code="a">RERO</subfield><subfield code="d">CH-ZuSLS</subfield></datafield><datafield ind1="0" ind2=" " tag="041"><subfield code="a">ger</subfield><subfield code="a">eng</subfield></datafield><datafield ind1=" " ind2="7" tag="072"><subfield code="a">py</subfield><subfield code="2">rero</subfield></datafield><datafield ind1=" " ind2="7" tag="072"><subfield code="a">sg</subfield><subfield code="2">rero</subfield></datafield><datafield ind1="0" ind2="0" tag="245"><subfield code="a">Metalle</subfield><subfield code="b">Phononenzustände, Elektronenzustände und Fermiflächen = Metals : phonon states, electron states and Fermi surfaces</subfield><subfield code="c">Hrsg. K.-H. Hellwege und J.L. Olsen</subfield></datafield><datafield ind1="1" ind2=" " tag="246"><subfield code="a">Metals</subfield><subfield code="b">phonon states, electron states and Fermi surfaces</subfield></datafield><datafield ind1=" " ind2="1" tag="264"><subfield code="a">Berlin</subfield><subfield code="a">Heidelberg [etc.]</subfield><subfield code="b">Springer</subfield><subfield code="c">1981-&gt;</subfield></datafield><datafield ind1=" " ind2=" " tag="300"><subfield code="c">28 cm</subfield></datafield><datafield ind1=" " ind2=" " tag="336"><subfield code="b">txt</subfield><subfield code="2">rdacontent</subfield></datafield><datafield ind1=" " ind2=" " tag="337"><subfield code="b">n</subfield><subfield code="2">rdamedia</subfield></datafield><datafield ind1=" " ind2=" " tag="338"><subfield code="b">nc</subfield><subfield code="2">rdacarrier</subfield></datafield><datafield ind1="1" ind2=" " tag="490"><subfield code="a">Zahlenwerte und Funktionen aus Naturwissenschaften und Technik. Neue Serie.</subfield><subfield code="v">Gruppe 3</subfield><subfield code="a">Kristall- und Festkörperphysik</subfield><subfield code="v">Bd. 13</subfield></datafield><datafield ind1="1" ind2=" " tag="700"><subfield code="a">Olsen, Jørgen Lykke</subfield><subfield code="0">(RERO)A003655648</subfield></datafield><datafield ind1="1" ind2=" " tag="700"><subfield code="a">Hellwege, Karl-Heinz</subfield><subfield code="d">1910-1999</subfield><subfield code="0">(IDREF)03197239X</subfield></datafield><datafield ind1=" " ind2=" " tag="830"><subfield code="a">Zahlenwerte und Funktionen aus Naturwissenschaften und Technik</subfield><subfield code="p">Neue Serie</subfield><subfield code="v">3,13</subfield><subfield code="w">(RERO)0441913-41slsp</subfield></datafield><datafield ind1=" " ind2=" " tag="830"><subfield code="a">Kristall- und Festkörperphysik</subfield><subfield code="v">13</subfield><subfield code="w">(RERO)0441919-41slsp</subfield></datafield><datafield ind1=" " ind2=" " tag="900"><subfield code="a">REROnoselfmerge</subfield></datafield></record>
</metadata></record>