<record><header><identifier>oai:alma.41SLSP_UGE:991000024489705502</identifier><datestamp>2023-03-01T01:08:48Z</datestamp><setSpec>uge_bcen_RapidILL_BOOK</setSpec><setSpec>uge_aaca_RapidILL_BOOK</setSpec><setSpec>uge_abels_RapidILL_BOOK</setSpec><setSpec>uge_dbu_RapidILL_BOOK</setSpec><setSpec>uge_cmu_RapidILL_BOOK</setSpec><setSpec>uge_mail_RapidILL_BOOK</setSpec><setSpec>UNIGE_ALL</setSpec><setSpec>uge_abbat_RapidILL_BOOK</setSpec><setSpec>uge_aobs_RapidILL_BOOK</setSpec><setSpec>uge_acar_RapidILL_BOOK</setSpec></header><metadata>
<record xmlns="http://www.loc.gov/MARC21/slim" xmlns:xsi="http://www.w3.org/2001/XMLSchema-instance" xsi:schemaLocation="http://www.loc.gov/MARC21/slim http://www.loc.gov/standards/marcxml/schema/MARC21slim.xsd"><leader>01965nam a2200421 ca4500</leader><controlfield tag="001">991000024489705502</controlfield><controlfield tag="005">20201230223117.0</controlfield><controlfield tag="008">201011s1969    sz ||||| |||| 00| ||ger d</controlfield><datafield ind1=" " ind2=" " tag="035"><subfield code="a">(swissbib)220447578-41slsp_network</subfield></datafield><datafield ind1=" " ind2=" " tag="035"><subfield code="a">220447578</subfield><subfield code="9">ExL</subfield></datafield><datafield ind1=" " ind2=" " tag="035"><subfield code="a">(RERO)0903904-41slsp</subfield></datafield><datafield ind1=" " ind2=" " tag="035"><subfield code="a">(NEBIS)001669826EBI01</subfield></datafield><datafield ind1=" " ind2=" " tag="035"><subfield code="a">(EXLNZ-41SLSP_NETWORK)991085954349705501</subfield></datafield><datafield ind1=" " ind2=" " tag="040"><subfield code="a">RERO geudbu</subfield><subfield code="d">CH-ZuSLS</subfield></datafield><datafield ind1=" " ind2=" " tag="044"><subfield code="a">sz</subfield><subfield code="c">ch-fr</subfield></datafield><datafield ind1=" " ind2="7" tag="072"><subfield code="a">ma</subfield><subfield code="2">rero</subfield></datafield><datafield ind1=" " ind2=" " tag="084"><subfield code="a">22</subfield><subfield code="2">msc</subfield></datafield><datafield ind1="1" ind2=" " tag="100"><subfield code="6">880-01</subfield><subfield code="a">Greub, Werner H.</subfield><subfield code="d">1925-1991</subfield><subfield code="0">(IDREF)031624952</subfield><subfield code="4">cre</subfield></datafield><datafield ind1="1" ind2=" " tag="880"><subfield code="a">Greub, Werner Hildbert</subfield><subfield code="d">1925-1991</subfield><subfield code="0">(DE-588)123729912</subfield><subfield code="6">100-01</subfield></datafield><datafield ind1="1" ind2="0" tag="245"><subfield code="a">Liesche Gruppen</subfield><subfield code="b">Vorlesung</subfield><subfield code="c">von Werner Greub ; ausgearbeitet von E. Hugentobler und W. R. Lindt</subfield></datafield><datafield ind1=" " ind2="1" tag="264"><subfield code="a">Fribourg</subfield><subfield code="b">[Universität]</subfield><subfield code="c">1969</subfield></datafield><datafield ind1=" " ind2=" " tag="300"><subfield code="a">3 vol.</subfield><subfield code="b">ill.</subfield><subfield code="c">30 cm</subfield></datafield><datafield ind1=" " ind2=" " tag="336"><subfield code="b">txt</subfield><subfield code="2">rdacontent</subfield></datafield><datafield ind1=" " ind2=" " tag="337"><subfield code="b">n</subfield><subfield code="2">rdamedia</subfield></datafield><datafield ind1=" " ind2=" " tag="338"><subfield code="b">nc</subfield><subfield code="2">rdacarrier</subfield></datafield><datafield ind1="1" ind2=" " tag="490"><subfield code="a">Schriftenreihe des Mathematischen Instituts der Universität Fribourg</subfield><subfield code="v">H. 1-3</subfield></datafield><datafield ind1=" " ind2=" " tag="500"><subfield code="a">Gehalten im SS 1968 und im WS 1968/69 am Mathematischen Institut der Universität Fribourg</subfield></datafield><datafield ind1=" " ind2="7" tag="650"><subfield code="a">KOHOMOLOGIE-OPERATIONEN (ALGEBRAISCHE TOPOLOGIE)</subfield><subfield code="9">ger</subfield><subfield code="0">(ETHUDK)000013068</subfield><subfield code="2">ethudk</subfield></datafield><datafield ind1=" " ind2="7" tag="650"><subfield code="a">KOMPAKTE LIE-GRUPPEN UND KOMPAKTE LIE-ALGEBREN</subfield><subfield code="9">ger</subfield><subfield code="0">(ETHUDK)000012846</subfield><subfield code="2">ethudk</subfield></datafield><datafield ind1=" " ind2="7" tag="650"><subfield code="a">LIE-GRUPPEN (ALGEBRA)</subfield><subfield code="9">ger</subfield><subfield code="0">(ETHUDK)000012844</subfield><subfield code="2">ethudk</subfield></datafield><datafield ind1=" " ind2="7" tag="650"><subfield code="a">LIESCHE TRANSFORMATIONSGRUPPEN</subfield><subfield code="9">ger</subfield><subfield code="0">(ETHUDK)000012857</subfield><subfield code="2">ethudk</subfield></datafield><datafield ind1=" " ind2="7" tag="650"><subfield code="a">VORLESUNGEN + VORTRÄGE (DOKUMENTENTYP)</subfield><subfield code="9">ger</subfield><subfield code="0">(ETHUDK)000036840</subfield><subfield code="2">ethudk</subfield></datafield><datafield ind1="1" ind2=" " tag="700"><subfield code="a">Hugentobler, E.</subfield></datafield><datafield ind1="1" ind2=" " tag="700"><subfield code="a">Hugentobler, Eugen</subfield><subfield code="0">(RERO)A003388554</subfield></datafield><datafield ind1="1" ind2=" " tag="700"><subfield code="a">Lindt, W.R</subfield><subfield code="0">(RERO)A020352812</subfield></datafield><datafield ind1="2" ind2=" " tag="710"><subfield code="a">Université de Fribourg</subfield><subfield code="b">Institut de mathématiques</subfield><subfield code="0">(RERO)A000188783</subfield></datafield><datafield ind1=" " ind2=" " tag="830"><subfield code="a">Schriftenreihe des Mathematischen Institutes der Universität Freiburg i. Ue</subfield><subfield code="v">1-3</subfield><subfield code="w">(RERO)1355032-41slsp</subfield></datafield><datafield ind1=" " ind2=" " tag="830"><subfield code="a">Schriftenreihe des Mathematischen Institutes der Universität Fribourg</subfield><subfield code="v">1</subfield><subfield code="w">(NEBIS)000021266EBI01</subfield></datafield><datafield ind1=" " ind2=" " tag="900"><subfield code="a">REROnoselfmerge</subfield></datafield></record>
</metadata></record>