<record><header><identifier>oai:alma.41SLSP_UGE:991000024379705502</identifier><datestamp>2024-07-21T03:45:37Z</datestamp><setSpec>uge_bcen_RapidILL_BOOK</setSpec><setSpec>uge_aaca_RapidILL_BOOK</setSpec><setSpec>uge_abels_RapidILL_BOOK</setSpec><setSpec>uge_dbu_RapidILL_BOOK</setSpec><setSpec>uge_cmu_RapidILL_BOOK</setSpec><setSpec>uge_mail_RapidILL_BOOK</setSpec><setSpec>uge_abbat_RapidILL_BOOK</setSpec><setSpec>UNIGE_ALL</setSpec><setSpec>uge_aobs_RapidILL_BOOK</setSpec><setSpec>uge_acar_RapidILL_BOOK</setSpec></header><metadata>
<record xmlns="http://www.loc.gov/MARC21/slim" xmlns:xsi="http://www.w3.org/2001/XMLSchema-instance" xsi:schemaLocation="http://www.loc.gov/MARC21/slim http://www.loc.gov/standards/marcxml/schema/MARC21slim.xsd"><leader>02149nam a2200457 c 4500</leader><controlfield tag="001">991000024379705502</controlfield><controlfield tag="005">20230815162429.0</controlfield><controlfield tag="008">201011s1976    sz ||||| |||| 00| ||ger d</controlfield><datafield ind1=" " ind2=" " tag="020"><subfield code="a">3728101613</subfield></datafield><datafield ind1=" " ind2=" " tag="035"><subfield code="a">(swissbib)226493814-41slsp_network</subfield></datafield><datafield ind1=" " ind2=" " tag="035"><subfield code="a">(RERO)R271941960-41slsp</subfield></datafield><datafield ind1=" " ind2=" " tag="035"><subfield code="a">(NEBIS)000364803EBI01</subfield></datafield><datafield ind1=" " ind2=" " tag="035"><subfield code="a">(IDSSG)000829055HSB01</subfield></datafield><datafield ind1=" " ind2=" " tag="035"><subfield code="a">(EXLNZ-41SLSP_NETWORK)991031021349705501</subfield></datafield><datafield ind1=" " ind2=" " tag="040"><subfield code="a">RERO geuarc</subfield><subfield code="d">CH-ZuSLS</subfield><subfield code="b">ger</subfield><subfield code="e">rda</subfield></datafield><datafield ind1=" " ind2=" " tag="044"><subfield code="a">sz</subfield><subfield code="c">ch-zh</subfield></datafield><datafield ind1=" " ind2="7" tag="072"><subfield code="a">go</subfield><subfield code="2">rero</subfield></datafield><datafield ind1="1" ind2=" " tag="100"><subfield code="6">880-01</subfield><subfield code="a">Cantoni, Sandro</subfield><subfield code="e">Verfasser</subfield><subfield code="4">aut</subfield></datafield><datafield ind1="1" ind2=" " tag="880"><subfield code="6">100-01</subfield><subfield code="a">Cantoni, Sandro</subfield><subfield code="0">(RERO)A006053651</subfield><subfield code="4">aut</subfield></datafield><datafield ind1="1" ind2="0" tag="245"><subfield code="a">&lt;&lt;Die&gt;&gt; Stadt Zuerich</subfield><subfield code="b">zusammenhaengende Bauaufnahme, typologische und morphologische Untersuchungen</subfield><subfield code="c">von Sandro Cantoni... [et al.]</subfield></datafield><datafield ind1="1" ind2=" " tag="246"><subfield code="a">ZUERICH(STADT)</subfield></datafield><datafield ind1=" " ind2="1" tag="264"><subfield code="a">Zürich</subfield><subfield code="b">Verl. der Fachvereine an den schweizerischen Hochschulen und Techniken</subfield><subfield code="c">1976</subfield></datafield><datafield ind1=" " ind2=" " tag="300"><subfield code="a">1 Band</subfield><subfield code="b">Illustrationen</subfield><subfield code="c">42x31x2 cm, 0.5 kg</subfield></datafield><datafield ind1=" " ind2=" " tag="336"><subfield code="b">txt</subfield><subfield code="2">rdacontent</subfield></datafield><datafield ind1=" " ind2=" " tag="337"><subfield code="b">n</subfield><subfield code="2">rdamedia</subfield></datafield><datafield ind1=" " ind2=" " tag="338"><subfield code="b">nc</subfield><subfield code="2">rdacarrier</subfield></datafield><datafield ind1="1" ind2=" " tag="490"><subfield code="a">Texte zur Architektur</subfield><subfield code="v">7</subfield></datafield><datafield ind1=" " ind2=" " tag="500"><subfield code="a">La couv. porte: ETH Zuerich 1975, Architekturabteilung, Lehrstuhl A. Rossi</subfield></datafield><datafield ind1="0" ind2="0" tag="505"><subfield code="g">Enthält im Anhang</subfield><subfield code="t">Erklärung zum Plan der Stadt Zürich für die Zeit des Urkundenbuches bis 1336</subfield><subfield code="r">P. Schweizer</subfield></datafield><datafield ind1=" " ind2="7" tag="650"><subfield code="a">Géographie urbaine</subfield><subfield code="0">(IDREF)027267768</subfield><subfield code="2">idref</subfield></datafield><datafield ind1=" " ind2="7" tag="650"><subfield code="a">GESCHICHTSKARTEN</subfield><subfield code="9">ger</subfield><subfield code="0">(ETHUDK)000036768</subfield><subfield code="2">ethudk</subfield></datafield><datafield ind1=" " ind2="7" tag="650"><subfield code="a">KANTON ZÜRICH (SCHWEIZ)</subfield><subfield code="9">ger</subfield><subfield code="0">(ETHUDK)000005521</subfield><subfield code="2">ethudk</subfield></datafield><datafield ind1=" " ind2="7" tag="650"><subfield code="a">KUNSTGESCHICHTLICHE KARTEN + KULTURGÜTERKARTEN</subfield><subfield code="9">ger</subfield><subfield code="0">(ETHUDK)000036756</subfield><subfield code="2">ethudk</subfield></datafield><datafield ind1=" " ind2="7" tag="650"><subfield code="a">SIEDLUNGSKARTEN</subfield><subfield code="9">ger</subfield><subfield code="0">(ETHUDK)000036766</subfield><subfield code="2">ethudk</subfield></datafield><datafield ind1=" " ind2="7" tag="650"><subfield code="a">STÄDTEWESEN + STADTGEOGRAFIE + STADTFORSCHUNG</subfield><subfield code="9">ger</subfield><subfield code="0">(ETHUDK)000036648</subfield><subfield code="2">ethudk</subfield></datafield><datafield ind1=" " ind2="7" tag="650"><subfield code="a">ZÜRICH, STADT (KANTON ZÜRICH)</subfield><subfield code="9">ger</subfield><subfield code="0">(ETHUDK)000005560</subfield><subfield code="2">ethudk</subfield></datafield><datafield ind1=" " ind2="7" tag="650"><subfield code="a">Architektur</subfield><subfield code="0">(DE-588)4002851-3</subfield><subfield code="2">gnd</subfield></datafield><datafield ind1=" " ind2="7" tag="650"><subfield code="a">Städtebau</subfield><subfield code="0">(DE-588)4056795-3</subfield><subfield code="2">gnd</subfield></datafield><datafield ind1=" " ind2="7" tag="651"><subfield code="a">Zurich (Zurich, Suisse)</subfield><subfield code="0">(IDREF)027418545</subfield><subfield code="2">idref</subfield></datafield><datafield ind1=" " ind2="7" tag="651"><subfield code="a">Zürich</subfield><subfield code="0">(DE-588)4068038-1</subfield><subfield code="2">gnd</subfield></datafield><datafield ind1="1" ind2=" " tag="700"><subfield code="a">Schweizer, P.</subfield><subfield code="4">ctb</subfield></datafield><datafield ind1=" " ind2="0" tag="830"><subfield code="a">Texte zur Architektur</subfield><subfield code="v">7</subfield><subfield code="w">991112481179705501</subfield></datafield></record>
</metadata></record>