<record><header><identifier>oai:alma.41SLSP_UGE:991000023749705502</identifier><datestamp>2023-06-27T00:15:03Z</datestamp><setSpec>UNIGE_ALL</setSpec></header><metadata>
<record xmlns="http://www.loc.gov/MARC21/slim" xmlns:xsi="http://www.w3.org/2001/XMLSchema-instance" xsi:schemaLocation="http://www.loc.gov/MARC21/slim http://www.loc.gov/standards/marcxml/schema/MARC21slim.xsd"><leader>01582nim a2200397 c 4500</leader><controlfield tag="001">991000023749705502</controlfield><controlfield tag="005">20230625134511.0</controlfield><controlfield tag="007">ss |||||||||||</controlfield><controlfield tag="008">051010s2005    sz ||n||            fre d</controlfield><datafield ind1=" " ind2=" " tag="035"><subfield code="a">(swissbib)102477175-41slsp_network</subfield></datafield><datafield ind1=" " ind2=" " tag="035"><subfield code="a">102477175</subfield><subfield code="9">ExL</subfield></datafield><datafield ind1=" " ind2=" " tag="035"><subfield code="a">(RERO)R003919822-41slsp</subfield></datafield><datafield ind1=" " ind2=" " tag="035"><subfield code="a">(EXLNZ-41SLSP_NETWORK)991061614699705501</subfield></datafield><datafield ind1=" " ind2=" " tag="040"><subfield code="a">RERO geumem</subfield><subfield code="d">CH-ZuSLS</subfield></datafield><datafield ind1=" " ind2=" " tag="044"><subfield code="a">sz</subfield><subfield code="c">ch-ge</subfield></datafield><datafield ind1=" " ind2="7" tag="072"><subfield code="a">ph</subfield><subfield code="2">rero</subfield></datafield><datafield ind1=" " ind2="7" tag="072"><subfield code="a">so</subfield><subfield code="2">rero</subfield></datafield><datafield ind1="1" ind2=" " tag="100"><subfield code="a">Mottu, Henry</subfield><subfield code="d">1939-....</subfield><subfield code="0">(IDREF)028823338</subfield><subfield code="4">cre</subfield></datafield><datafield ind1="1" ind2="0" tag="245"><subfield code="a">&lt;&lt;L'&gt;&gt;autorité de Dieu</subfield><subfield code="c">conférence de Henry Mottu. Suivie de L'autorité du politique / par Antoine Garapon</subfield></datafield><datafield ind1=" " ind2="1" tag="264"><subfield code="a">Genève</subfield><subfield code="b">Université de Genève [prod.]</subfield><subfield code="c">2005</subfield></datafield><datafield ind1=" " ind2=" " tag="300"><subfield code="a">2 cassettes sonores (90, 90 min.)</subfield></datafield><datafield ind1=" " ind2=" " tag="336"><subfield code="b">spw</subfield><subfield code="2">rdacontent</subfield></datafield><datafield ind1=" " ind2=" " tag="337"><subfield code="b">s</subfield><subfield code="2">rdamedia</subfield></datafield><datafield ind1=" " ind2=" " tag="338"><subfield code="b">ss</subfield><subfield code="2">rdacarrier</subfield></datafield><datafield ind1="1" ind2=" " tag="490"><subfield code="a">Le futur de l'autorité</subfield></datafield><datafield ind1=" " ind2=" " tag="500"><subfield code="a">Conférences données le 27 septembre 2005 dans le cadre des 40èmes Rencontres internationales de Genève</subfield></datafield><datafield ind1=" " ind2="7" tag="650"><subfield code="a">Autorité</subfield><subfield code="0">(IDREF)027259676</subfield><subfield code="2">idref</subfield></datafield><datafield ind1=" " ind2="7" tag="650"><subfield code="a">Religion</subfield><subfield code="0">(IDREF)027636895</subfield><subfield code="2">idref</subfield></datafield><datafield ind1=" " ind2="7" tag="650"><subfield code="a">Philosophie</subfield><subfield code="0">(IDREF)027295206</subfield><subfield code="2">idref</subfield></datafield><datafield ind1=" " ind2="7" tag="650"><subfield code="a">Philosophie politique</subfield><subfield code="0">(IDREF)027246779</subfield><subfield code="2">idref</subfield></datafield><datafield ind1=" " ind2="7" tag="650"><subfield code="a">pouvoir</subfield><subfield code="0">(RERO)A009964045</subfield><subfield code="2">rerovoc</subfield></datafield><datafield ind1=" " ind2="7" tag="650"><subfield code="a">Société</subfield><subfield code="0">(IDREF)269230165</subfield><subfield code="2">idref</subfield></datafield><datafield ind1=" " ind2="7" tag="650"><subfield code="a">Pouvoir (sciences sociales)</subfield><subfield code="0">(IDREF)027365581</subfield><subfield code="2">idref</subfield></datafield><datafield ind1=" " ind2="7" tag="655"><subfield code="a">Audiocassettes</subfield><subfield code="0">(IDREF)027391361</subfield><subfield code="2">idref</subfield></datafield><datafield ind1="1" ind2="2" tag="700"><subfield code="a">Garapon, Antoine</subfield><subfield code="t">&lt;&lt;L'&gt;&gt;autorité du politique</subfield></datafield><datafield ind1="1" ind2=" " tag="700"><subfield code="a">Garapon, Antoine</subfield></datafield><datafield ind1=" " ind2="0" tag="830"><subfield code="a">&lt;&lt;Le&gt;&gt; futur de l'autorité</subfield><subfield code="w">(RERO)R003919770-41slsp</subfield></datafield></record>
</metadata></record>