<record><header><identifier>oai:alma.41SLSP_UGE:991000023959705502</identifier><datestamp>2023-06-30T00:20:35Z</datestamp><setSpec>uge_bcen_RapidILL_BOOK</setSpec><setSpec>uge_aaca_RapidILL_BOOK</setSpec><setSpec>uge_abels_RapidILL_BOOK</setSpec><setSpec>uge_dbu_RapidILL_BOOK</setSpec><setSpec>uge_cmu_RapidILL_BOOK</setSpec><setSpec>uge_mail_RapidILL_BOOK</setSpec><setSpec>uge_abbat_RapidILL_BOOK</setSpec><setSpec>UNIGE_ALL</setSpec><setSpec>uge_acar_RapidILL_BOOK</setSpec><setSpec>uge_aobs_RapidILL_BOOK</setSpec></header><metadata>
<record xmlns="http://www.loc.gov/MARC21/slim" xmlns:xsi="http://www.w3.org/2001/XMLSchema-instance" xsi:schemaLocation="http://www.loc.gov/MARC21/slim http://www.loc.gov/standards/marcxml/schema/MARC21slim.xsd"><leader>01969naa a2200397 c 4500</leader><controlfield tag="001">991000023959705502</controlfield><controlfield tag="005">20230629194611.0</controlfield><controlfield tag="008">040602s2004    sz ||||| |||| 10| ||ger d</controlfield><datafield ind1=" " ind2=" " tag="035"><subfield code="a">(swissbib)100650961-41slsp_network</subfield></datafield><datafield ind1=" " ind2=" " tag="035"><subfield code="a">100650961</subfield><subfield code="9">ExL</subfield></datafield><datafield ind1=" " ind2=" " tag="035"><subfield code="a">(RERO)R003645338-41slsp</subfield></datafield><datafield ind1=" " ind2=" " tag="035"><subfield code="a">(EXLNZ-41SLSP_NETWORK)991019009919705501</subfield></datafield><datafield ind1=" " ind2=" " tag="040"><subfield code="a">RERO geubfd</subfield><subfield code="d">CH-ZuSLS</subfield></datafield><datafield ind1=" " ind2=" " tag="044"><subfield code="a">sz</subfield><subfield code="c">ch-zh</subfield><subfield code="a">sz</subfield><subfield code="c">ch-bs</subfield><subfield code="a">sz</subfield><subfield code="c">ch-ge</subfield></datafield><datafield ind1=" " ind2="7" tag="072"><subfield code="a">dr</subfield><subfield code="2">rero</subfield></datafield><datafield ind1=" " ind2=" " tag="084"><subfield code="a">CA/CH 55.3 i</subfield><subfield code="2">cjurrom</subfield></datafield><datafield ind1=" " ind2=" " tag="084"><subfield code="a">CA/CH 40.2 i</subfield><subfield code="2">cjurrom</subfield></datafield><datafield ind1="1" ind2=" " tag="100"><subfield code="a">Flucher, Thomas</subfield><subfield code="0">(RERO)A009229165</subfield><subfield code="4">cre</subfield></datafield><datafield ind1="1" ind2="0" tag="245"><subfield code="a">Konfliktlösung mit Mediation im öffentlichen Bereich, zwei Praxisbeispiele</subfield><subfield code="c">Thomas Flucher</subfield></datafield><datafield ind1=" " ind2=" " tag="336"><subfield code="b">txt</subfield><subfield code="2">rdacontent</subfield></datafield><datafield ind1=" " ind2=" " tag="337"><subfield code="b">n</subfield><subfield code="2">rdamedia</subfield></datafield><datafield ind1=" " ind2=" " tag="338"><subfield code="b">nc</subfield><subfield code="2">rdacarrier</subfield></datafield><datafield ind1=" " ind2=" " tag="580"><subfield code="a">In: Konsens und Mediation im Verwaltungsbereich. - Zürich ; Basel ; Genf : Schulthess, 2004. - P. 65-89</subfield></datafield><datafield ind1=" " ind2="7" tag="650"><subfield code="a">Altersheim</subfield><subfield code="9">ger</subfield><subfield code="0">(RERO)jurivoc000000900ger</subfield><subfield code="2">jurivoc</subfield></datafield><datafield ind1=" " ind2="7" tag="650"><subfield code="a">Bahnanlage</subfield><subfield code="9">ger</subfield><subfield code="0">(RERO)jurivoc000002634ger</subfield><subfield code="2">jurivoc</subfield></datafield><datafield ind1=" " ind2="7" tag="650"><subfield code="a">Mediation(Regelung eines Konflikts)</subfield><subfield code="9">ger</subfield><subfield code="0">(RERO)jurivoc000014781ger</subfield><subfield code="2">jurivoc</subfield></datafield><datafield ind1=" " ind2="7" tag="650"><subfield code="a">Raumplanung und öffentliches Baurecht</subfield><subfield code="9">ger</subfield><subfield code="0">(RERO)jurivoc000018160ger</subfield><subfield code="2">jurivoc</subfield></datafield><datafield ind1=" " ind2="7" tag="650"><subfield code="a">Schiessstand</subfield><subfield code="9">ger</subfield><subfield code="0">(RERO)jurivoc000019532ger</subfield><subfield code="2">jurivoc</subfield></datafield><datafield ind1=" " ind2="7" tag="650"><subfield code="a">Administration publique</subfield><subfield code="0">(IDREF)02721835X</subfield><subfield code="2">idref</subfield></datafield><datafield ind1=" " ind2="7" tag="650"><subfield code="a">conflit du travail</subfield><subfield code="0">(RERO)A009959286</subfield><subfield code="2">rerovoc</subfield></datafield><datafield ind1=" " ind2="7" tag="650"><subfield code="a">Fonction publique</subfield><subfield code="0">(IDREF)050627031</subfield><subfield code="2">idref</subfield></datafield><datafield ind1=" " ind2="7" tag="650"><subfield code="a">Médiation</subfield><subfield code="0">(IDREF)027812073</subfield><subfield code="2">idref</subfield></datafield><datafield ind1=" " ind2="7" tag="650"><subfield code="a">Procédure administrative</subfield><subfield code="0">(IDREF)027479633</subfield><subfield code="2">idref</subfield></datafield><datafield ind1=" " ind2="7" tag="651"><subfield code="a">Österreich</subfield><subfield code="9">ger</subfield><subfield code="0">(RERO)jurivoc000016714ger</subfield><subfield code="2">jurivoc</subfield></datafield><datafield ind1=" " ind2="7" tag="651"><subfield code="a">Schweiz</subfield><subfield code="9">ger</subfield><subfield code="0">(RERO)jurivoc000019912ger</subfield><subfield code="2">jurivoc</subfield></datafield><datafield ind1=" " ind2="7" tag="651"><subfield code="a">Suisse</subfield><subfield code="0">(IDREF)027249654</subfield><subfield code="2">idref</subfield></datafield><datafield ind1="0" ind2=" " tag="773"><subfield code="t">Konsens und Mediation im Verwaltungsbereich : vom Familien- über das Wirtschafts- zum Verwaltungsrecht : überarbeitete Referate der Tagung vom 26. März 2003 an der Universität Zürich</subfield><subfield code="g">65</subfield><subfield code="w">(RERO)R003612724-41slsp</subfield></datafield></record>
</metadata></record>