<record><header><identifier>oai:alma.41SLSP_UGE:991000023669705502</identifier><datestamp>2023-03-01T01:08:48Z</datestamp><setSpec>uge_bcen_RapidILL_BOOK</setSpec><setSpec>uge_aaca_RapidILL_BOOK</setSpec><setSpec>uge_abels_RapidILL_BOOK</setSpec><setSpec>uge_dbu_RapidILL_BOOK</setSpec><setSpec>uge_cmu_RapidILL_BOOK</setSpec><setSpec>uge_mail_RapidILL_BOOK</setSpec><setSpec>UNIGE_ALL</setSpec><setSpec>uge_abbat_RapidILL_BOOK</setSpec><setSpec>uge_aobs_RapidILL_BOOK</setSpec><setSpec>uge_acar_RapidILL_BOOK</setSpec></header><metadata>
<record xmlns="http://www.loc.gov/MARC21/slim" xmlns:xsi="http://www.w3.org/2001/XMLSchema-instance" xsi:schemaLocation="http://www.loc.gov/MARC21/slim http://www.loc.gov/standards/marcxml/schema/MARC21slim.xsd"><leader>00981nam a2200289 c 4500</leader><controlfield tag="001">991000023669705502</controlfield><controlfield tag="005">20201227141015.0</controlfield><controlfield tag="008">000907s1997    xxu||||| |||| 00| ||spa d</controlfield><datafield ind1=" " ind2=" " tag="020"><subfield code="a">0820434787</subfield></datafield><datafield ind1=" " ind2=" " tag="035"><subfield code="a">(swissbib)093327447-41slsp_network</subfield></datafield><datafield ind1=" " ind2=" " tag="035"><subfield code="a">093327447</subfield><subfield code="9">ExL</subfield></datafield><datafield ind1=" " ind2=" " tag="035"><subfield code="a">(RERO)R231540660-41slsp</subfield></datafield><datafield ind1=" " ind2=" " tag="035"><subfield code="a">(EXLNZ-41SLSP_NETWORK)991122346779705501</subfield></datafield><datafield ind1=" " ind2=" " tag="040"><subfield code="a">RERO frbcuc</subfield><subfield code="d">CH-ZuSLS</subfield></datafield><datafield ind1=" " ind2="7" tag="072"><subfield code="a">es</subfield><subfield code="2">rero</subfield></datafield><datafield ind1="0" ind2="0" tag="245"><subfield code="a">&lt;&lt;La&gt;&gt; vida de Lazarillo de Tormes, y de sus fortunas y adversidades</subfield><subfield code="c">ed., introd., aparato crítico y notas de Félix Carrasco</subfield></datafield><datafield ind1=" " ind2="1" tag="264"><subfield code="a">New York [etc.]</subfield><subfield code="b">P. Lang</subfield><subfield code="c">[1997]</subfield></datafield><datafield ind1=" " ind2="4" tag="264"><subfield code="c">© 1997</subfield></datafield><datafield ind1=" " ind2=" " tag="300"><subfield code="a">CLV, 103 p.</subfield><subfield code="b">ill.</subfield><subfield code="c">23 cm</subfield></datafield><datafield ind1=" " ind2=" " tag="336"><subfield code="b">txt</subfield><subfield code="2">rdacontent</subfield></datafield><datafield ind1=" " ind2=" " tag="337"><subfield code="b">n</subfield><subfield code="2">rdamedia</subfield></datafield><datafield ind1=" " ind2=" " tag="338"><subfield code="b">nc</subfield><subfield code="2">rdacarrier</subfield></datafield><datafield ind1="1" ind2=" " tag="490"><subfield code="a">Ibérica</subfield><subfield code="v">vol. 23</subfield></datafield><datafield ind1="0" ind2="7" tag="630"><subfield code="a">Lazarillo de Tormes</subfield><subfield code="0">(RERO)A010106779</subfield><subfield code="2">rero</subfield></datafield><datafield ind1="1" ind2=" " tag="700"><subfield code="a">Carrasco, Félix</subfield><subfield code="0">(IDREF)060974958</subfield></datafield><datafield ind1="0" ind2=" " tag="730"><subfield code="a">Lazarillo de Tormes</subfield><subfield code="l">Espagnol</subfield></datafield><datafield ind1=" " ind2=" " tag="830"><subfield code="a">Ibérica</subfield><subfield code="p">Lang</subfield><subfield code="v">23</subfield><subfield code="w">(RERO)2166209-41slsp</subfield></datafield><datafield ind1=" " ind2=" " tag="900"><subfield code="a">REROnoselfmerge</subfield></datafield><datafield ind1=" " ind2=" " tag="993"><subfield code="a">BFLA 132269</subfield><subfield code="x">ge/ules/a/99/529</subfield><subfield code="9">LOCAL</subfield></datafield></record>
</metadata></record>