<record><header><identifier>oai:alma.41SLSP_UGE:991000023769705502</identifier><datestamp>2023-04-01T00:11:04Z</datestamp><setSpec>uge_bcen_RapidILL_BOOK</setSpec><setSpec>uge_aaca_RapidILL_BOOK</setSpec><setSpec>uge_abels_RapidILL_BOOK</setSpec><setSpec>uge_dbu_RapidILL_BOOK</setSpec><setSpec>uge_cmu_RapidILL_BOOK</setSpec><setSpec>uge_mail_RapidILL_BOOK</setSpec><setSpec>uge_abbat_RapidILL_BOOK</setSpec><setSpec>UNIGE_ALL</setSpec><setSpec>uge_acar_RapidILL_BOOK</setSpec><setSpec>uge_aobs_RapidILL_BOOK</setSpec></header><metadata>
<record xmlns="http://www.loc.gov/MARC21/slim" xmlns:xsi="http://www.w3.org/2001/XMLSchema-instance" xsi:schemaLocation="http://www.loc.gov/MARC21/slim http://www.loc.gov/standards/marcxml/schema/MARC21slim.xsd"><leader>01370nam a22003492c 4500</leader><controlfield tag="001">991000023769705502</controlfield><controlfield tag="005">20230331212807.0</controlfield><controlfield tag="008">140811r19711970ja ||||| |||| 00| ||jpn d</controlfield><datafield ind1=" " ind2=" " tag="020"><subfield code="a">4004121558</subfield></datafield><datafield ind1=" " ind2=" " tag="035"><subfield code="a">(swissbib)12034095X-41slsp_network</subfield></datafield><datafield ind1=" " ind2=" " tag="035"><subfield code="a">12034095X</subfield><subfield code="9">ExL</subfield></datafield><datafield ind1=" " ind2=" " tag="035"><subfield code="a">(RERO)R007836591-41slsp</subfield></datafield><datafield ind1=" " ind2=" " tag="035"><subfield code="a">(EXLNZ-41SLSP_NETWORK)991065179839705501</subfield></datafield><datafield ind1=" " ind2=" " tag="040"><subfield code="a">SzZuIDS NEBIS UZH</subfield><subfield code="d">CH-ZuSLS</subfield></datafield><datafield ind1=" " ind2="7" tag="072"><subfield code="a">or</subfield><subfield code="2">rero</subfield></datafield><datafield ind1="1" ind2=" " tag="100"><subfield code="6">880-01</subfield><subfield code="a">Murakami, Shigeyoshi</subfield><subfield code="d">1928-1991</subfield><subfield code="0">(IDREF)111928540</subfield><subfield code="4">cre</subfield></datafield><datafield ind1="0" ind2=" " tag="880"><subfield code="6">100-01/$1</subfield><subfield code="a">村上重良</subfield><subfield code="d">1928-1991</subfield></datafield><datafield ind1="1" ind2="0" tag="245"><subfield code="6">880-02</subfield><subfield code="a">Kokka shintō</subfield><subfield code="c">Murakami Shigeyoshi cho</subfield></datafield><datafield ind1="1" ind2="0" tag="880"><subfield code="6">245-02/$1</subfield><subfield code="a">国家神道</subfield><subfield code="c">村上重良 著</subfield></datafield><datafield ind1=" " ind2="1" tag="264"><subfield code="6">880-03</subfield><subfield code="a">Tōkyō</subfield><subfield code="b">Iwanami Shoten</subfield><subfield code="c">1970</subfield></datafield><datafield ind1=" " ind2="1" tag="880"><subfield code="6">264-03/$1</subfield><subfield code="a">東京</subfield><subfield code="b">岩波書店</subfield><subfield code="c">1970</subfield></datafield><datafield ind1=" " ind2=" " tag="300"><subfield code="a">vi, 230p. ; 18 cm</subfield></datafield><datafield ind1=" " ind2=" " tag="336"><subfield code="b">txt</subfield><subfield code="2">rdacontent</subfield></datafield><datafield ind1=" " ind2=" " tag="337"><subfield code="b">n</subfield><subfield code="2">rdamedia</subfield></datafield><datafield ind1=" " ind2=" " tag="338"><subfield code="b">nc</subfield><subfield code="2">rdacarrier</subfield></datafield><datafield ind1="1" ind2=" " tag="490"><subfield code="6">880-04</subfield><subfield code="a">Iwanami shinsho</subfield><subfield code="v">770</subfield></datafield><datafield ind1="0" ind2=" " tag="880"><subfield code="6">490-04/$1</subfield><subfield code="a">岩波新書</subfield><subfield code="v">770</subfield></datafield><datafield ind1=" " ind2=" " tag="500"><subfield code="a">Bibliographie: p229-230</subfield></datafield><datafield ind1=" " ind2="7" tag="650"><subfield code="a">Shintō</subfield><subfield code="0">(IDREF)027477614</subfield><subfield code="2">idref</subfield></datafield><datafield ind1=" " ind2="7" tag="651"><subfield code="a">Japon</subfield><subfield code="0">(IDREF)027262162</subfield><subfield code="2">idref</subfield></datafield><datafield ind1=" " ind2="0" tag="830"><subfield code="6">880-06</subfield><subfield code="a">Iwanami shinsho</subfield><subfield code="v">770</subfield><subfield code="w">(RERO)R255226360-41slsp</subfield></datafield><datafield ind1=" " ind2="0" tag="880"><subfield code="6">830-06</subfield><subfield code="a">岩波新書</subfield><subfield code="v">770</subfield></datafield><datafield ind1=" " ind2=" " tag="900"><subfield code="a">REROnoselfmerge</subfield></datafield></record>
</metadata></record><record><header status="deleted"><identifier>oai:alma.41SLSP_UGE:991000024289705502</identifier><datestamp>2023-06-13T00:15:01Z</datestamp><setSpec>uge_bcen_RapidILL_BOOK</setSpec><setSpec>uge_aaca_RapidILL_BOOK</setSpec><setSpec>uge_abels_RapidILL_BOOK</setSpec><setSpec>uge_dbu_RapidILL_BOOK</setSpec><setSpec>uge_cmu_RapidILL_BOOK</setSpec><setSpec>uge_mail_RapidILL_BOOK</setSpec><setSpec>uge_abbat_RapidILL_BOOK</setSpec><setSpec>UNIGE_ALL</setSpec><setSpec>uge_aobs_RapidILL_BOOK</setSpec><setSpec>uge_acar_RapidILL_BOOK</setSpec></header></record>