<record><header><identifier>oai:alma.41SLSP_UGE:991000024179705502</identifier><datestamp>2023-05-03T00:42:43Z</datestamp><setSpec>uge_bcen_RapidILL_BOOK</setSpec><setSpec>uge_aaca_RapidILL_BOOK</setSpec><setSpec>uge_abels_RapidILL_BOOK</setSpec><setSpec>uge_dbu_RapidILL_BOOK</setSpec><setSpec>uge_cmu_RapidILL_BOOK</setSpec><setSpec>uge_mail_RapidILL_BOOK</setSpec><setSpec>uge_abbat_RapidILL_BOOK</setSpec><setSpec>UNIGE_ALL</setSpec><setSpec>uge_acar_RapidILL_BOOK</setSpec><setSpec>uge_aobs_RapidILL_BOOK</setSpec></header><metadata>
<record xmlns="http://www.loc.gov/MARC21/slim" xmlns:xsi="http://www.w3.org/2001/XMLSchema-instance" xsi:schemaLocation="http://www.loc.gov/MARC21/slim http://www.loc.gov/standards/marcxml/schema/MARC21slim.xsd"><leader>01461nam a2200349 c 4500</leader><controlfield tag="001">991000024179705502</controlfield><controlfield tag="005">20230502194816.0</controlfield><controlfield tag="008">070514s2006    sz ||||| |||| 00| ||fre d</controlfield><datafield ind1=" " ind2=" " tag="035"><subfield code="a">(swissbib)105226688-41slsp_network</subfield></datafield><datafield ind1=" " ind2=" " tag="035"><subfield code="a">105226688</subfield><subfield code="9">ExL</subfield></datafield><datafield ind1=" " ind2=" " tag="035"><subfield code="a">(RERO)R004406892-41slsp</subfield></datafield><datafield ind1=" " ind2=" " tag="035"><subfield code="a">(EXLNZ-41SLSP_NETWORK)991037492009705501</subfield></datafield><datafield ind1=" " ind2=" " tag="040"><subfield code="a">RERO geulhg</subfield><subfield code="d">CH-ZuSLS</subfield></datafield><datafield ind1=" " ind2=" " tag="044"><subfield code="a">sz</subfield><subfield code="c">ch-ge</subfield></datafield><datafield ind1=" " ind2="7" tag="072"><subfield code="a">ht</subfield><subfield code="2">rero</subfield></datafield><datafield ind1=" " ind2="7" tag="072"><subfield code="a">ss</subfield><subfield code="2">rero</subfield></datafield><datafield ind1="1" ind2=" " tag="100"><subfield code="a">Kundert, Mathias</subfield><subfield code="0">(RERO)A013255450</subfield><subfield code="4">cre</subfield></datafield><datafield ind1="1" ind2="0" tag="245"><subfield code="a">&lt;&lt;Der&gt;&gt; Sprachwechsel im Domleschg und am Heinzenberg / GR</subfield><subfield code="b">(19. und 20. Jahrhundert) = La germanisation du Domleschg et du Heinzenberg</subfield><subfield code="c">GR : (XIXe et XXe siècles) / Thomas Kundert</subfield></datafield><datafield ind1="1" ind2=" " tag="246"><subfield code="a">Germanisation du Domleschg et du Heinzenberg / GR : (XIXe et XXe siècles)</subfield></datafield><datafield ind1=" " ind2="1" tag="264"><subfield code="a">Carouge</subfield><subfield code="b">[éditeur non identifié]</subfield><subfield code="c">2006</subfield></datafield><datafield ind1=" " ind2=" " tag="300"><subfield code="a">188 B.</subfield><subfield code="b">Abb.</subfield></datafield><datafield ind1=" " ind2=" " tag="336"><subfield code="b">txt</subfield><subfield code="2">rdacontent</subfield></datafield><datafield ind1=" " ind2=" " tag="337"><subfield code="b">n</subfield><subfield code="2">rdamedia</subfield></datafield><datafield ind1=" " ind2=" " tag="338"><subfield code="b">nc</subfield><subfield code="2">rdacarrier</subfield></datafield><datafield ind1=" " ind2=" " tag="500"><subfield code="a">Mémoire de licence d'histoire générale. Faculté des Lettres. Université de Genève. Direction François Walter</subfield></datafield><datafield ind1=" " ind2=" " tag="500"><subfield code="a">Texte en allemand. Résumé en français</subfield></datafield><datafield ind1=" " ind2=" " tag="504"><subfield code="a">Quellen- und Literaturverzeichnis: B. 103-112</subfield></datafield><datafield ind1=" " ind2="7" tag="650"><subfield code="a">Germanisation</subfield><subfield code="0">(IDREF)077076788</subfield><subfield code="2">idref</subfield></datafield><datafield ind1=" " ind2="7" tag="650"><subfield code="a">19e siècle-20e siècle</subfield><subfield code="2">idref</subfield></datafield><datafield ind1=" " ind2="7" tag="650"><subfield code="a">Romanche (langue)</subfield><subfield code="0">(IDREF)027843483</subfield><subfield code="2">idref</subfield></datafield><datafield ind1=" " ind2="7" tag="651"><subfield code="a">Domleschg (Suisse)</subfield><subfield code="0">(RERO)A010074971</subfield><subfield code="2">rero</subfield></datafield><datafield ind1=" " ind2="7" tag="651"><subfield code="a">Heinzenberg (Suisse)</subfield><subfield code="0">(RERO)A010094399</subfield><subfield code="2">rero</subfield></datafield><datafield ind1=" " ind2=" " tag="900"><subfield code="a">REROnoselfmerge</subfield></datafield></record>
</metadata></record>