<record><header><identifier>oai:alma.41SLSP_UGE:991000024389705502</identifier><datestamp>2024-04-11T00:20:13Z</datestamp><setSpec>uge_bcen_RapidILL_BOOK</setSpec><setSpec>uge_aaca_RapidILL_BOOK</setSpec><setSpec>uge_abels_RapidILL_BOOK</setSpec><setSpec>uge_dbu_RapidILL_BOOK</setSpec><setSpec>uge_cmu_RapidILL_BOOK</setSpec><setSpec>uge_mail_RapidILL_BOOK</setSpec><setSpec>uge_abbat_RapidILL_BOOK</setSpec><setSpec>UNIGE_ALL</setSpec><setSpec>uge_aobs_RapidILL_BOOK</setSpec><setSpec>uge_acar_RapidILL_BOOK</setSpec></header><metadata>
<record xmlns="http://www.loc.gov/MARC21/slim" xmlns:xsi="http://www.w3.org/2001/XMLSchema-instance" xsi:schemaLocation="http://www.loc.gov/MARC21/slim http://www.loc.gov/standards/marcxml/schema/MARC21slim.xsd"><leader>05911nam a2200937 c 4500</leader><controlfield tag="001">991000024389705502</controlfield><controlfield tag="005">20240410141232.0</controlfield><controlfield tag="008">201012s2008    sz ||||| |||| 10| ||fre d</controlfield><datafield ind1=" " ind2=" " tag="019"><subfield code="a">Notices analytiques</subfield><subfield code="5">RERO/geubfd/09.2008</subfield></datafield><datafield ind1=" " ind2=" " tag="020"><subfield code="a">9782940363148</subfield><subfield code="q">broch.</subfield><subfield code="c">CHF 123.00</subfield></datafield><datafield ind1=" " ind2=" " tag="035"><subfield code="a">(swissbib)238725235-41slsp_network</subfield></datafield><datafield ind1=" " ind2=" " tag="035"><subfield code="a">238725235</subfield><subfield code="9">ExL</subfield></datafield><datafield ind1=" " ind2=" " tag="035"><subfield code="a">(RERO)R004744201-41slsp</subfield></datafield><datafield ind1=" " ind2=" " tag="035"><subfield code="a">(IDSLU)000574243ILU01</subfield></datafield><datafield ind1=" " ind2=" " tag="035"><subfield code="a">(NEBIS)005644550EBI01</subfield></datafield><datafield ind1=" " ind2=" " tag="035"><subfield code="a">(IDSSG)000469336HSB01</subfield></datafield><datafield ind1=" " ind2=" " tag="035"><subfield code="a">(IDSBB)004700573DSV01</subfield></datafield><datafield ind1=" " ind2=" " tag="035"><subfield code="a">(SBT)000573925SBT01</subfield></datafield><datafield ind1=" " ind2=" " tag="035"><subfield code="a">(EXLNZ-41SLSP_NETWORK)991028544549705501</subfield></datafield><datafield ind1=" " ind2=" " tag="040"><subfield code="a">RERO laisdc</subfield><subfield code="d">CH-ZuSLS</subfield></datafield><datafield ind1=" " ind2=" " tag="044"><subfield code="a">sz</subfield><subfield code="c">ch-vd</subfield></datafield><datafield ind1=" " ind2="7" tag="072"><subfield code="a">807</subfield><subfield code="2">IDS LU</subfield></datafield><datafield ind1=" " ind2="7" tag="072"><subfield code="a">841</subfield><subfield code="2">IDS LU</subfield></datafield><datafield ind1=" " ind2="7" tag="072"><subfield code="a">rw</subfield><subfield code="2">SzZuIDS BS/BE</subfield></datafield><datafield ind1=" " ind2="7" tag="072"><subfield code="a">dr</subfield><subfield code="2">rero</subfield></datafield><datafield ind1="0" ind2="4" tag="082"><subfield code="a">346.49402</subfield><subfield code="2">22</subfield></datafield><datafield ind1="0" ind2="4" tag="082"><subfield code="a">346.494022</subfield><subfield code="2">22</subfield></datafield><datafield ind1="1" ind2="4" tag="082"><subfield code="a">346.494 022</subfield><subfield code="2">22</subfield></datafield><datafield ind1="1" ind2="4" tag="082"><subfield code="a">340</subfield><subfield code="2">15</subfield></datafield><datafield ind1=" " ind2=" " tag="084"><subfield code="a">CA/CH 72 e</subfield><subfield code="2">cjurrom</subfield></datafield><datafield ind1=" " ind2=" " tag="084"><subfield code="a">CA/CH 12 e</subfield><subfield code="2">cjurrom</subfield></datafield><datafield ind1=" " ind2=" " tag="084"><subfield code="a">CA/CH 72 g</subfield><subfield code="2">cjurrom</subfield></datafield><datafield ind1="0" ind2="0" tag="245"><subfield code="a">Actualités du droit des contrats</subfield><subfield code="b">le contrat à la croisée des chemins</subfield><subfield code="c">éd. par Martina Braun ; [collab.:] Jean-Marc Rapp ... [et al.]</subfield></datafield><datafield ind1=" " ind2="1" tag="264"><subfield code="a">Lausanne</subfield><subfield code="b">CEDIDAC</subfield><subfield code="c">2008</subfield></datafield><datafield ind1=" " ind2=" " tag="300"><subfield code="a">202 S.</subfield><subfield code="c">23 cm</subfield></datafield><datafield ind1=" " ind2=" " tag="336"><subfield code="b">txt</subfield><subfield code="2">rdacontent</subfield></datafield><datafield ind1=" " ind2=" " tag="337"><subfield code="b">n</subfield><subfield code="2">rdamedia</subfield></datafield><datafield ind1=" " ind2=" " tag="338"><subfield code="b">nc</subfield><subfield code="2">rdacarrier</subfield></datafield><datafield ind1="1" ind2=" " tag="490"><subfield code="a">Publication CEDIDAC</subfield><subfield code="v">77</subfield></datafield><datafield ind1=" " ind2=" " tag="500"><subfield code="a">Travaux de la journée d'étude du 7 juin 2007</subfield></datafield><datafield ind1=" " ind2=" " tag="504"><subfield code="a">Bibliogr.</subfield></datafield><datafield ind1=" " ind2=" " tag="520"><subfield code="a">Constituant l'une des principales sources d'obligations juridiques, le contrat présente un intérêt accru et d'actualité constante pour chaque juriste. Les problématiques liées au contrat ne relèvent toutefois pas uniquement du droit des obligations. Cet ouvrage se propose donc principalement d'examiner certains points de rencontre entre le contrat et d'autres domaines du droit. Ainsi, le premier chapitre est consacré au sort des contrats dans le cadre de restructurations d'entreprises réglées par la loi sur la fusion. La deuxième contribution se rapporte aux risques d'inexécution d'un contrat due à l'insolvabilité ou la faillite du cocontractant. Ensuite, l'attention est portée sur les contrats de consommation et les particularités y relatives, résultant notamment du but spécifique lié à la protection du consommateur. L'article suivant, enrichi de multiples exemples pratiques, se penche sur la liberté contractuelle et les restrictions auxquelles celle-ci est soumise par le droit de la concurrence. Le tour d'horizon est complété par une contribution relative aux développements récents de la jurisprudence en matière de contrats spéciaux, examinant de manière détaillée quatre arrêts récents du Tribunal fédéral qui ont pour objet le contrat de mandat, le cautionnement, la renonciation à invoquer la prescription et le contrat de vente. Conçu de manière claire et complété par de nombreux exemples pratiques, cet ouvrage constitue un outil indispensable à tout praticien du droit.</subfield><subfield code="5">SBT/30.09.2013/BUL/RCG</subfield></datafield><datafield ind1="2" ind2="7" tag="610"><subfield code="a">Europäische Union</subfield><subfield code="0">(DE-588)5098525-5</subfield><subfield code="2">gnd</subfield></datafield><datafield ind1=" " ind2="7" tag="650"><subfield code="a">Vertragsrecht</subfield><subfield code="9">ger</subfield><subfield code="0">(RERO)jurivoc000025266ger</subfield><subfield code="2">jurivoc</subfield></datafield><datafield ind1=" " ind2="7" tag="650"><subfield code="a">Fusion</subfield><subfield code="9">ger</subfield><subfield code="0">(RERO)jurivoc000008955ger</subfield><subfield code="2">jurivoc</subfield></datafield><datafield ind1=" " ind2="7" tag="650"><subfield code="a">Zahlungsunfähigkeit</subfield><subfield code="9">ger</subfield><subfield code="0">(RERO)jurivoc000026911ger</subfield><subfield code="2">jurivoc</subfield></datafield><datafield ind1=" " ind2="7" tag="650"><subfield code="a">Vertrag mit Konsumenten</subfield><subfield code="9">ger</subfield><subfield code="0">(RERO)jurivoc000025205ger</subfield><subfield code="2">jurivoc</subfield></datafield><datafield ind1=" " ind2="7" tag="650"><subfield code="a">Wettbewerb(Konkurrenz)</subfield><subfield code="9">ger</subfield><subfield code="0">(RERO)jurivoc000026442ger</subfield><subfield code="2">jurivoc</subfield></datafield><datafield ind1=" " ind2="7" tag="650"><subfield code="a">Obligations (droit)</subfield><subfield code="0">(IDREF)027265846</subfield><subfield code="2">idref</subfield></datafield><datafield ind1=" " ind2="7" tag="650"><subfield code="a">Contrats</subfield><subfield code="0">(IDREF)027466388</subfield><subfield code="2">idref</subfield></datafield><datafield ind1=" " ind2="7" tag="650"><subfield code="a">Kongress</subfield><subfield code="0">(DE-588)4130470-6</subfield><subfield code="2">gnd</subfield></datafield><datafield ind1=" " ind2="7" tag="650"><subfield code="a">Vertragsrecht</subfield><subfield code="2">idszbz</subfield></datafield><datafield ind1=" " ind2="0" tag="650"><subfield code="a">Contracts</subfield><subfield code="z">Switzerland</subfield></datafield><datafield ind1=" " ind2="7" tag="650"><subfield code="a">DROIT DES OBLIGATIONS</subfield><subfield code="9">fre</subfield><subfield code="0">(ETHUDK)000011362</subfield><subfield code="2">ethudk</subfield></datafield><datafield ind1=" " ind2="7" tag="650"><subfield code="a">SUISSE (EUROPE CENTRALE). CONFÉDÉRATION SUISSE</subfield><subfield code="9">fre</subfield><subfield code="0">(ETHUDK)000004571</subfield><subfield code="2">ethudk</subfield></datafield><datafield ind1=" " ind2="7" tag="650"><subfield code="a">Vertragsrecht</subfield><subfield code="0">(DE-588)4063283-0</subfield><subfield code="2">gnd</subfield></datafield><datafield ind1=" " ind2="7" tag="650"><subfield code="a">Vertragsrecht</subfield><subfield code="z">Schweiz</subfield><subfield code="2">idsbb</subfield></datafield><datafield ind1=" " ind2="4" tag="650"><subfield code="a">Contratti</subfield><subfield code="x">diritto</subfield><subfield code="z">Svizzera</subfield></datafield><datafield ind1=" " ind2="7" tag="651"><subfield code="a">Schweiz</subfield><subfield code="9">ger</subfield><subfield code="0">(RERO)jurivoc000019912ger</subfield><subfield code="2">jurivoc</subfield></datafield><datafield ind1=" " ind2="7" tag="651"><subfield code="a">Suisse</subfield><subfield code="0">(IDREF)027249654</subfield><subfield code="2">idref</subfield></datafield><datafield ind1=" " ind2="7" tag="651"><subfield code="a">Schweiz</subfield><subfield code="2">idszbz</subfield></datafield><datafield ind1=" " ind2="7" tag="651"><subfield code="a">Schweiz</subfield><subfield code="0">(DE-588)4053881-3</subfield><subfield code="2">gnd</subfield></datafield><datafield ind1=" " ind2="7" tag="655"><subfield code="a">Actes de congrès</subfield><subfield code="0">(IDREF)02886431X</subfield><subfield code="2">idref</subfield></datafield><datafield ind1=" " ind2="7" tag="655"><subfield code="a">Konferenzschrift</subfield><subfield code="z">Lausanne</subfield><subfield code="y">2007</subfield><subfield code="2">gnd-content</subfield></datafield><datafield ind1=" " ind2="7" tag="655"><subfield code="a">Aufsatzsammlung</subfield><subfield code="2">idszbz</subfield></datafield><datafield ind1=" " ind2="7" tag="655"><subfield code="a">Aufsatzsammlung</subfield><subfield code="2">gnd-content</subfield></datafield><datafield ind1=" " ind2=" " tag="690"><subfield code="a">publication ; fond ; fonds ; actualité ; centre ; droit d'sauteur ; sommaire ; table ; concurrence</subfield><subfield code="2">idssg-J</subfield></datafield><datafield ind1=" " ind2=" " tag="690"><subfield code="a">Pascal Pichonnaz; PRINCIPALES ABR; III JEAN; SUR FUSION; PASCAL PICHONNAZ</subfield><subfield code="2">idssg-J</subfield></datafield><datafield ind1=" " ind2=" " tag="690"><subfield code="a">Lausanne [100]</subfield><subfield code="2">idssg-J</subfield></datafield><datafield ind1=" " ind2=" " tag="690"><subfield code="a">Cc; DiDAX; e; Fran; ois; Dessemontet; Sylvain; Martenet; Ch; RISTOPH; assistante; EDIDAC; Universit; ausanne; VIATIONS; SYLVAIN; INSOLVABILIT; VINCENT; MARTENET; LIBERT; CHRISTOPH; VELOPPEMENTS; S; RISTOPH; DROIT; CONTRATS; EDIDAC; VIATIONS; MARC; LOI; SYLVAIN; MARCHAND; INSOLVABILIT; CONSOMMATION; VINCENT; MARTENET; LIBERT; SAISIE; CHRISTOPH; D; VELOPPEMENTS; CENTS; JURISPRUDENCE; RE</subfield><subfield code="2">idssg-J</subfield></datafield><datafield ind1=" " ind2=" " tag="691"><subfield code="e">PC 72 CH</subfield><subfield code="2">rzs-L1</subfield></datafield><datafield ind1=" " ind2=" " tag="691"><subfield code="e">346.49402</subfield><subfield code="a">Diritto privato. Contratti e rappresentanza. Svizzera</subfield><subfield code="2">usi-TE</subfield></datafield><datafield ind1="1" ind2=" " tag="700"><subfield code="a">Braun, Martina</subfield><subfield code="d">19..-....</subfield><subfield code="0">(IDREF)12262470X</subfield></datafield><datafield ind1="1" ind2=" " tag="700"><subfield code="a">Rapp, Jean-Marc</subfield><subfield code="0">(IDREF)033656975</subfield></datafield><datafield ind1="2" ind2=" " tag="710"><subfield code="a">Université de Lausanne</subfield><subfield code="b">Centre du droit de l'entreprise</subfield><subfield code="b">Journée d'étude</subfield><subfield code="d">2007</subfield><subfield code="c">Lausanne</subfield><subfield code="0">(RERO)A014000677</subfield></datafield><datafield ind1="4" ind2=" " tag="856"><subfield code="3">Titelblatt und Inhaltsverzeichnis</subfield><subfield code="u">https://toc.library.ethz.ch/objects/pdf/z01_978-2-9403-6314-8_01.pdf</subfield><subfield code="q">pdf</subfield></datafield><datafield ind1=" " ind2="0" tag="830"><subfield code="a">Publication CEDIDAC</subfield><subfield code="v">77</subfield><subfield code="w">(IDSBB)000200569DSV01</subfield></datafield><datafield ind1=" " ind2=" " tag="900"><subfield code="a">IDSE5E51ANH-2009</subfield></datafield><datafield ind1=" " ind2=" " tag="900"><subfield code="a">IDSZ2zbzmon200812l</subfield><subfield code="c">IDSZ2suse</subfield><subfield code="d">IDSZ2zbzswk200901b</subfield><subfield code="e">IDSZ2bruu</subfield></datafield><datafield ind1=" " ind2=" " tag="900"><subfield code="a">IDSE5E74ANH-2008</subfield></datafield><datafield ind1=" " ind2=" " tag="900"><subfield code="a">IDSZ2rwimon200808e</subfield><subfield code="c">IDSZ2rosi 080812</subfield><subfield code="d">IDSZ2rwiswk200809b</subfield><subfield code="e">IDSZ2sust</subfield></datafield><datafield ind1=" " ind2=" " tag="949"><subfield code="a">https://toc.library.ethz.ch/objects/pdf/z01_978-2-9403-6314-8_01.pdf</subfield></datafield></record>
</metadata></record>