<record><header><identifier>oai:alma.41SLSP_UGE:991000024409705502</identifier><datestamp>2023-03-01T01:08:48Z</datestamp><setSpec>uge_bcen_RapidILL_BOOK</setSpec><setSpec>uge_aaca_RapidILL_BOOK</setSpec><setSpec>uge_abels_RapidILL_BOOK</setSpec><setSpec>uge_dbu_RapidILL_BOOK</setSpec><setSpec>uge_cmu_RapidILL_BOOK</setSpec><setSpec>uge_mail_RapidILL_BOOK</setSpec><setSpec>UNIGE_ALL</setSpec><setSpec>uge_abbat_RapidILL_BOOK</setSpec><setSpec>uge_aobs_RapidILL_BOOK</setSpec><setSpec>uge_acar_RapidILL_BOOK</setSpec></header><metadata>
<record xmlns="http://www.loc.gov/MARC21/slim" xmlns:xsi="http://www.w3.org/2001/XMLSchema-instance" xsi:schemaLocation="http://www.loc.gov/MARC21/slim http://www.loc.gov/standards/marcxml/schema/MARC21slim.xsd"><leader>00869naa a2200229 c 4500</leader><controlfield tag="001">991000024409705502</controlfield><controlfield tag="005">20210207113346.0</controlfield><controlfield tag="008">040212s1998    xxu||||| |||| 00| ||eng d</controlfield><datafield ind1=" " ind2=" " tag="035"><subfield code="a">(swissbib)100232752-41slsp_network</subfield></datafield><datafield ind1=" " ind2=" " tag="035"><subfield code="a">100232752</subfield><subfield code="9">ExL</subfield></datafield><datafield ind1=" " ind2=" " tag="035"><subfield code="a">(RERO)R003584373-41slsp</subfield></datafield><datafield ind1=" " ind2=" " tag="035"><subfield code="a">(EXLNZ-41SLSP_NETWORK)991095294979705501</subfield></datafield><datafield ind1=" " ind2=" " tag="040"><subfield code="a">RERO geussm</subfield><subfield code="d">CH-ZuSLS</subfield></datafield><datafield ind1=" " ind2="7" tag="072"><subfield code="a">ma</subfield><subfield code="2">rero</subfield></datafield><datafield ind1="1" ind2=" " tag="100"><subfield code="a">Pétermann, Yves-François S.</subfield><subfield code="0">(IDREF)150780257</subfield><subfield code="4">cre</subfield></datafield><datafield ind1="1" ind2="0" tag="245"><subfield code="a">Golomb's self described sequence and functional differential equations</subfield><subfield code="c">Y.-F.S. Pétermann and Jean-Luc Rémy</subfield></datafield><datafield ind1=" " ind2=" " tag="336"><subfield code="b">txt</subfield><subfield code="2">rdacontent</subfield></datafield><datafield ind1=" " ind2=" " tag="337"><subfield code="b">n</subfield><subfield code="2">rdamedia</subfield></datafield><datafield ind1=" " ind2=" " tag="338"><subfield code="b">nc</subfield><subfield code="2">rdacarrier</subfield></datafield><datafield ind1=" " ind2=" " tag="580"><subfield code="a">In: Illinois journal of mathematics. - Urbana-Champaign. - Vol. 42 (1998), p. 420-440</subfield></datafield><datafield ind1="1" ind2=" " tag="700"><subfield code="a">Rémy, Jean-Luc</subfield><subfield code="0">(RERO)A005374246</subfield></datafield><datafield ind1="0" ind2=" " tag="773"><subfield code="t">IIlinois journal of mathematics</subfield><subfield code="g">1998/420</subfield><subfield code="g">yr:1998</subfield></datafield><datafield ind1=" " ind2=" " tag="900"><subfield code="a">REROnoselfmerge</subfield></datafield></record>
</metadata></record>