<record><header><identifier>oai:alma.41SLSP_UGE:991000024199705502</identifier><datestamp>2024-07-02T00:08:30Z</datestamp><setSpec>uge_cmu_RapidILL_JOURNAL</setSpec><setSpec>uge_aobs_RapidILL_JOURNAL</setSpec><setSpec>uge_aaca_RapidILL_JOURNAL</setSpec><setSpec>uge_abbat_RapidILL_JOURNAL</setSpec><setSpec>uge_bcen_RapidILL_JOURNAL</setSpec><setSpec>uge_dbu_RapidILL_JOURNAL</setSpec><setSpec>uge_mail_RapidILL_JOURNAL</setSpec><setSpec>uge_abels_RapidILL_JOURNAL</setSpec><setSpec>UNIGE_ALL</setSpec><setSpec>uge_acar_RapidILL_JOURNAL</setSpec></header><metadata>
<record xmlns="http://www.loc.gov/MARC21/slim" xmlns:xsi="http://www.w3.org/2001/XMLSchema-instance" xsi:schemaLocation="http://www.loc.gov/MARC21/slim http://www.loc.gov/standards/marcxml/schema/MARC21slim.xsd"><leader>01952nai a2200457 c 4500</leader><controlfield tag="001">991000024199705502</controlfield><controlfield tag="005">20240701112426.0</controlfield><controlfield tag="008">000915c19819999sz || l|  ||| 0    |fre d</controlfield><datafield ind1=" " ind2=" " tag="035"><subfield code="a">(swissbib)078723094-41slsp_network</subfield></datafield><datafield ind1=" " ind2=" " tag="035"><subfield code="a">078723094</subfield><subfield code="9">ExL</subfield></datafield><datafield ind1=" " ind2=" " tag="035"><subfield code="a">(RERO)0391764-41slsp</subfield></datafield><datafield ind1=" " ind2=" " tag="035"><subfield code="a">(EXLNZ-41SLSP_NETWORK)991023313499705501</subfield></datafield><datafield ind1=" " ind2=" " tag="040"><subfield code="a">RERO</subfield><subfield code="d">CH-ZuSLS</subfield></datafield><datafield ind1="0" ind2=" " tag="041"><subfield code="a">fre</subfield><subfield code="a">ger</subfield></datafield><datafield ind1=" " ind2="7" tag="072"><subfield code="a">dr</subfield><subfield code="2">rero</subfield></datafield><datafield ind1=" " ind2=" " tag="084"><subfield code="a">CA/CH 63 a</subfield><subfield code="2">cjurrom</subfield></datafield><datafield ind1="0" ind2="0" tag="245"><subfield code="a">Musterurkunden-Sammlung</subfield><subfield code="c">Verband Bernischer Notare = Recueil de modèles d'actes notariés / Association des notaires bernois ; [bearb. von Beat Gerber, Arnold Grimm ... et al]</subfield></datafield><datafield ind1="1" ind2=" " tag="246"><subfield code="a">Modèles d'actes notariés</subfield></datafield><datafield ind1="1" ind2=" " tag="246"><subfield code="a">Musterurkunden</subfield></datafield><datafield ind1="1" ind2=" " tag="246"><subfield code="a">Recueil de modèles d'actes notariés</subfield></datafield><datafield ind1=" " ind2=" " tag="250"><subfield code="a">[1. Aufl.]-</subfield></datafield><datafield ind1=" " ind2="1" tag="264"><subfield code="a">[Bern]</subfield><subfield code="b">Verband Bernischer Notare</subfield><subfield code="c">1981-</subfield></datafield><datafield ind1=" " ind2=" " tag="300"><subfield code="a">8 classeurs</subfield><subfield code="c">23 cm</subfield></datafield><datafield ind1=" " ind2=" " tag="336"><subfield code="b">txt</subfield><subfield code="2">rdacontent</subfield></datafield><datafield ind1=" " ind2=" " tag="337"><subfield code="b">n</subfield><subfield code="2">rdamedia</subfield></datafield><datafield ind1=" " ind2=" " tag="338"><subfield code="b">nc</subfield><subfield code="2">rdacarrier</subfield></datafield><datafield ind1=" " ind2=" " tag="500"><subfield code="a">Publication à feuillets mobiles avec mises à jour périodiques</subfield></datafield><datafield ind1=" " ind2=" " tag="500"><subfield code="a">Le titre de l'ouvrage de base jusqu'à la 7. Teillfg. était : Musterurkunden = Modèles d'actes notariés</subfield></datafield><datafield ind1=" " ind2=" " tag="500"><subfield code="a">Auch in elektr. Form via Internet erhältlich</subfield></datafield><datafield ind1=" " ind2="7" tag="650"><subfield code="a">Notar</subfield><subfield code="9">ger</subfield><subfield code="0">(RERO)jurivoc000016085ger</subfield><subfield code="2">jurivoc</subfield></datafield><datafield ind1=" " ind2="7" tag="650"><subfield code="a">Sachenrecht</subfield><subfield code="9">ger</subfield><subfield code="0">(RERO)jurivoc000019225ger</subfield><subfield code="2">jurivoc</subfield></datafield><datafield ind1=" " ind2="7" tag="650"><subfield code="a">Grundbuch</subfield><subfield code="9">ger</subfield><subfield code="0">(RERO)jurivoc000010376ger</subfield><subfield code="2">jurivoc</subfield></datafield><datafield ind1=" " ind2="7" tag="650"><subfield code="a">Erbrecht</subfield><subfield code="9">ger</subfield><subfield code="0">(RERO)jurivoc000007113ger</subfield><subfield code="2">jurivoc</subfield></datafield><datafield ind1=" " ind2="7" tag="650"><subfield code="a">Formulaires</subfield><subfield code="0">(IDREF)027792153</subfield><subfield code="2">idref</subfield></datafield><datafield ind1=" " ind2="7" tag="650"><subfield code="a">Notaires</subfield><subfield code="0">(IDREF)027478807</subfield><subfield code="2">idref</subfield></datafield><datafield ind1=" " ind2="7" tag="651"><subfield code="a">Schweiz</subfield><subfield code="9">ger</subfield><subfield code="0">(RERO)jurivoc000019912ger</subfield><subfield code="2">jurivoc</subfield></datafield><datafield ind1=" " ind2="7" tag="651"><subfield code="a">Suisse</subfield><subfield code="0">(IDREF)027249654</subfield><subfield code="2">idref</subfield></datafield><datafield ind1=" " ind2="7" tag="655"><subfield code="a">Guides pratiques</subfield><subfield code="0">(IDREF)027790045</subfield><subfield code="2">idref</subfield></datafield><datafield ind1="1" ind2=" " tag="700"><subfield code="a">Gerber, Beat</subfield><subfield code="0">(RERO)A003289566</subfield></datafield><datafield ind1="1" ind2=" " tag="700"><subfield code="a">Grimm, Arnold</subfield><subfield code="0">(RERO)A003320650</subfield></datafield><datafield ind1="2" ind2=" " tag="710"><subfield code="a">Association des Notaires Bernois</subfield><subfield code="0">(IDREF)27139529X</subfield><subfield code="4">isb</subfield></datafield><datafield ind1="4" ind2=" " tag="856"><subfield code="u">http://www.musa-bn.ch/</subfield><subfield code="z">Zugang nur für Abonnenten</subfield></datafield></record>
</metadata></record>