<record><header><identifier>oai:alma.41SLSP_UGE:991000023779705502</identifier><datestamp>2023-05-03T00:23:47Z</datestamp><setSpec>uge_bcen_RapidILL_BOOK</setSpec><setSpec>uge_aaca_RapidILL_BOOK</setSpec><setSpec>uge_abels_RapidILL_BOOK</setSpec><setSpec>uge_dbu_RapidILL_BOOK</setSpec><setSpec>uge_cmu_RapidILL_BOOK</setSpec><setSpec>uge_mail_RapidILL_BOOK</setSpec><setSpec>uge_abbat_RapidILL_BOOK</setSpec><setSpec>UNIGE_ALL</setSpec><setSpec>uge_aobs_RapidILL_BOOK</setSpec><setSpec>uge_acar_RapidILL_BOOK</setSpec></header><metadata>
<record xmlns="http://www.loc.gov/MARC21/slim" xmlns:xsi="http://www.w3.org/2001/XMLSchema-instance" xsi:schemaLocation="http://www.loc.gov/MARC21/slim http://www.loc.gov/standards/marcxml/schema/MARC21slim.xsd"><leader>03349nam a2200805 c 4500</leader><controlfield tag="001">991000023779705502</controlfield><controlfield tag="005">20230502190426.0</controlfield><controlfield tag="008">201011s1981    gr ||||| |||| 00| ||fre d</controlfield><datafield ind1=" " ind2=" " tag="035"><subfield code="a">(swissbib)217792766-41slsp_network</subfield></datafield><datafield ind1=" " ind2=" " tag="035"><subfield code="a">217792766</subfield><subfield code="9">ExL</subfield></datafield><datafield ind1=" " ind2=" " tag="035"><subfield code="a">(RERO)0446512-41slsp</subfield></datafield><datafield ind1=" " ind2=" " tag="035"><subfield code="a">(NEBIS)003126888EBI01</subfield></datafield><datafield ind1=" " ind2=" " tag="035"><subfield code="a">(IDSBB)000117485DSV01</subfield></datafield><datafield ind1=" " ind2=" " tag="035"><subfield code="a">(EXLNZ-41SLSP_NETWORK)991158136809705501</subfield></datafield><datafield ind1=" " ind2=" " tag="040"><subfield code="a">RERO</subfield><subfield code="d">CH-ZuSLS</subfield></datafield><datafield ind1=" " ind2="7" tag="072"><subfield code="a">ht</subfield><subfield code="2">rero</subfield></datafield><datafield ind1=" " ind2="7" tag="072"><subfield code="a">se</subfield><subfield code="2">rero</subfield></datafield><datafield ind1=" " ind2="7" tag="072"><subfield code="a">wg</subfield><subfield code="2">SzZuIDS BS/BE</subfield></datafield><datafield ind1="0" ind2="4" tag="082"><subfield code="a">382.0944056</subfield><subfield code="b">C356i</subfield><subfield code="2">19</subfield></datafield><datafield ind1="0" ind2="4" tag="082"><subfield code="a">380.1</subfield></datafield><datafield ind1="0" ind2="4" tag="082"><subfield code="a">944.9</subfield></datafield><datafield ind1="1" ind2="4" tag="082"><subfield code="a">330</subfield><subfield code="2">15</subfield></datafield><datafield ind1="1" ind2=" " tag="100"><subfield code="a">Hemmerdinger-Iliadou, Démocratie</subfield><subfield code="0">(IDREF)130951455</subfield><subfield code="4">cre</subfield></datafield><datafield ind1="1" ind2="0" tag="245"><subfield code="a">Inventaire des documents des archives de la Chambre de commerce de Marseille</subfield><subfield code="b">lemme Salonique, XVIIe - XVIIIe siècles</subfield><subfield code="c">Démocratie Iliadou ; [ed. par Louisa B. Laourda]</subfield></datafield><datafield ind1=" " ind2="1" tag="264"><subfield code="a">Thessaloniki</subfield><subfield code="b">Institut for Balkan Studies</subfield><subfield code="c">1981</subfield></datafield><datafield ind1=" " ind2=" " tag="300"><subfield code="a">XVIII, 220 p.</subfield><subfield code="c">24 cm</subfield></datafield><datafield ind1=" " ind2=" " tag="336"><subfield code="b">txt</subfield><subfield code="2">rdacontent</subfield></datafield><datafield ind1=" " ind2=" " tag="337"><subfield code="b">n</subfield><subfield code="2">rdamedia</subfield></datafield><datafield ind1=" " ind2=" " tag="338"><subfield code="b">nc</subfield><subfield code="2">rdacarrier</subfield></datafield><datafield ind1="1" ind2=" " tag="490"><subfield code="a">Institute for Balkan Studies</subfield><subfield code="v">160</subfield></datafield><datafield ind1="2" ind2="7" tag="610"><subfield code="a">Chambre de Commerce et d'Industrie de Marseille</subfield><subfield code="0">(DE-588)4069920-1</subfield><subfield code="2">gnd</subfield></datafield><datafield ind1="2" ind2="7" tag="610"><subfield code="a">Chambre de Commerce et d'Industrie de Marseille</subfield><subfield code="b">Archiv</subfield><subfield code="b">Lemma Saloniki</subfield><subfield code="0">(DE-588)4147553-7</subfield><subfield code="2">gnd</subfield></datafield><datafield ind1="2" ind2="0" tag="610"><subfield code="a">Chambre de commerce et d'industrie de Marseille</subfield><subfield code="t">Archives de la Chambre de Commerce de Marseille</subfield></datafield><datafield ind1=" " ind2="7" tag="648"><subfield code="a">Geschichte 1690-1780</subfield><subfield code="2">gnd</subfield></datafield><datafield ind1=" " ind2="4" tag="648"><subfield code="a">Geschichte 1690-1780</subfield></datafield><datafield ind1=" " ind2="7" tag="650"><subfield code="a">Commerce</subfield><subfield code="0">(IDREF)02773563X</subfield><subfield code="2">idref</subfield></datafield><datafield ind1=" " ind2="7" tag="650"><subfield code="a">17e siècle-18e siècle</subfield><subfield code="2">idref</subfield></datafield><datafield ind1=" " ind2="7" tag="650"><subfield code="a">Archiv</subfield><subfield code="0">(DE-588)4002859-8</subfield><subfield code="2">gnd</subfield></datafield><datafield ind1=" " ind2="7" tag="650"><subfield code="a">Handel</subfield><subfield code="0">(DE-588)4023222-0</subfield><subfield code="2">gnd</subfield></datafield><datafield ind1=" " ind2="0" tag="650"><subfield code="a">Boards of trade</subfield><subfield code="z">France</subfield><subfield code="z">Marseille</subfield><subfield code="x">History</subfield><subfield code="v">Sources</subfield></datafield><datafield ind1=" " ind2="7" tag="650"><subfield code="a">Handel</subfield><subfield code="z">Marseille</subfield><subfield code="y">Geschichte 17. Jh</subfield><subfield code="v">Quelle</subfield><subfield code="2">idsbb</subfield></datafield><datafield ind1=" " ind2="7" tag="650"><subfield code="a">Handel</subfield><subfield code="z">Marseille</subfield><subfield code="y">Geschichte 18. Jh</subfield><subfield code="v">Quelle</subfield><subfield code="2">idsbb</subfield></datafield><datafield ind1=" " ind2="7" tag="650"><subfield code="a">Handel</subfield><subfield code="z">Saloniki</subfield><subfield code="y">Geschichte 17. Jh</subfield><subfield code="v">Quelle</subfield><subfield code="2">idsbb</subfield></datafield><datafield ind1=" " ind2="7" tag="650"><subfield code="a">Handel</subfield><subfield code="z">Saloniki</subfield><subfield code="y">Geschichte 18. Jh</subfield><subfield code="v">Quelle</subfield><subfield code="2">idsbb</subfield></datafield><datafield ind1=" " ind2="4" tag="650"><subfield code="a">Handel</subfield></datafield><datafield ind1=" " ind2="7" tag="651"><subfield code="a">France</subfield><subfield code="0">(IDREF)027226794</subfield><subfield code="2">idref</subfield></datafield><datafield ind1=" " ind2="7" tag="651"><subfield code="a">Thessalonique (Grèce)</subfield><subfield code="0">(IDREF)027442675</subfield><subfield code="2">idref</subfield></datafield><datafield ind1=" " ind2="7" tag="651"><subfield code="a">Thessaloniki</subfield><subfield code="0">(DE-588)4051394-4</subfield><subfield code="2">gnd</subfield></datafield><datafield ind1=" " ind2="0" tag="651"><subfield code="a">France</subfield><subfield code="x">Commerce</subfield><subfield code="z">Middle East</subfield><subfield code="x">History</subfield><subfield code="v">Sources</subfield></datafield><datafield ind1=" " ind2="0" tag="651"><subfield code="a">France</subfield><subfield code="x">Commerce</subfield><subfield code="z">Middle East</subfield><subfield code="x">History</subfield><subfield code="x">Sources</subfield></datafield><datafield ind1=" " ind2="0" tag="651"><subfield code="a">France</subfield><subfield code="x">Commerce</subfield><subfield code="z">Turkey</subfield><subfield code="x">History</subfield><subfield code="v">Sources</subfield></datafield><datafield ind1=" " ind2="0" tag="651"><subfield code="a">Middle East</subfield><subfield code="x">Commerce</subfield><subfield code="z">France</subfield><subfield code="x">History</subfield><subfield code="v">Sources</subfield></datafield><datafield ind1=" " ind2="0" tag="651"><subfield code="a">Middle East</subfield><subfield code="x">Commerce</subfield><subfield code="z">France</subfield><subfield code="x">History</subfield><subfield code="x">Sources</subfield></datafield><datafield ind1=" " ind2="0" tag="651"><subfield code="a">Turkey</subfield><subfield code="x">Commerce</subfield><subfield code="z">France</subfield><subfield code="x">History</subfield><subfield code="v">Sources</subfield></datafield><datafield ind1=" " ind2="7" tag="651"><subfield code="a">Marseille</subfield><subfield code="x">Archiv</subfield><subfield code="2">idsbb</subfield></datafield><datafield ind1=" " ind2="4" tag="651"><subfield code="a">Thessaloniki</subfield></datafield><datafield ind1=" " ind2="7" tag="655"><subfield code="a">[document]</subfield><subfield code="2">rerovoc</subfield><subfield code="0">(RERO)A010182398</subfield></datafield><datafield ind1=" " ind2="7" tag="655"><subfield code="a">Inventar</subfield><subfield code="2">gnd-content</subfield></datafield><datafield ind1=" " ind2="7" tag="655"><subfield code="a">Quelle</subfield><subfield code="2">gnd-content</subfield></datafield><datafield ind1=" " ind2="4" tag="655"><subfield code="a">Inventar</subfield></datafield><datafield ind1=" " ind2="4" tag="655"><subfield code="a">Quelle</subfield></datafield><datafield ind1=" " ind2=" " tag="690"><subfield code="a">Handelsgeschichte / Einzelne Gebiete und Orte / Europa</subfield><subfield code="2">uzb-Z9</subfield></datafield><datafield ind1=" " ind2=" " tag="690"><subfield code="a">Marseille / Kultur</subfield><subfield code="2">uzb-Z9</subfield></datafield><datafield ind1=" " ind2=" " tag="690"><subfield code="a">Saloniki</subfield><subfield code="2">uzb-Z9</subfield></datafield><datafield ind1="1" ind2=" " tag="700"><subfield code="a">Laourda, Louisa B</subfield><subfield code="0">(RERO)A003496056</subfield></datafield><datafield ind1=" " ind2="0" tag="830"><subfield code="a">Idryma meleto̲n Chersoni̲sou tou Aimou</subfield><subfield code="v">160</subfield><subfield code="w">(NEBIS)000998186EBI01</subfield></datafield><datafield ind1=" " ind2="0" tag="830"><subfield code="a">Institute for Balkan Studies</subfield><subfield code="v">160</subfield><subfield code="w">(RERO)0043690-41slsp</subfield></datafield><datafield ind1=" " ind2="0" tag="830"><subfield code="a">Idryma meleto̲n Chersoni̲sou tou Aimou</subfield><subfield code="v">160</subfield><subfield code="w">(IDSBB)000018640DSV01</subfield></datafield><datafield ind1=" " ind2=" " tag="900"><subfield code="a">REROnoselfmerge</subfield></datafield><datafield ind1=" " ind2=" " tag="900"><subfield code="a">IDSZRMedeaZBZ</subfield></datafield><datafield ind1=" " ind2=" " tag="900"><subfield code="f">IDSU2medea</subfield></datafield></record>
</metadata></record>