<record><header><identifier>oai:alma.41SLSP_UGE:991000024089705502</identifier><datestamp>2023-03-01T01:08:48Z</datestamp><setSpec>uge_bcen_RapidILL_BOOK</setSpec><setSpec>uge_aaca_RapidILL_BOOK</setSpec><setSpec>uge_abels_RapidILL_BOOK</setSpec><setSpec>uge_dbu_RapidILL_BOOK</setSpec><setSpec>uge_cmu_RapidILL_BOOK</setSpec><setSpec>uge_mail_RapidILL_BOOK</setSpec><setSpec>UNIGE_ALL</setSpec><setSpec>uge_abbat_RapidILL_BOOK</setSpec><setSpec>uge_aobs_RapidILL_BOOK</setSpec><setSpec>uge_acar_RapidILL_BOOK</setSpec></header><metadata>
<record xmlns="http://www.loc.gov/MARC21/slim" xmlns:xsi="http://www.w3.org/2001/XMLSchema-instance" xsi:schemaLocation="http://www.loc.gov/MARC21/slim http://www.loc.gov/standards/marcxml/schema/MARC21slim.xsd"><leader>01088nam a2200289 c 4500</leader><controlfield tag="001">991000024089705502</controlfield><controlfield tag="005">20201225184819.0</controlfield><controlfield tag="008">921022s1990    fr ||||| |||| 00| ||rus d</controlfield><datafield ind1=" " ind2=" " tag="020"><subfield code="a">2070105652</subfield></datafield><datafield ind1=" " ind2=" " tag="035"><subfield code="a">(swissbib)086984594-41slsp_network</subfield></datafield><datafield ind1=" " ind2=" " tag="035"><subfield code="a">086984594</subfield><subfield code="9">ExL</subfield></datafield><datafield ind1=" " ind2=" " tag="035"><subfield code="a">(RERO)1593211-41slsp</subfield></datafield><datafield ind1=" " ind2=" " tag="035"><subfield code="a">(EXLNZ-41SLSP_NETWORK)991110697189705501</subfield></datafield><datafield ind1=" " ind2=" " tag="040"><subfield code="a">RERO geulru</subfield><subfield code="d">CH-ZuSLS</subfield></datafield><datafield ind1=" " ind2="7" tag="072"><subfield code="a">ru</subfield><subfield code="2">rero</subfield></datafield><datafield ind1="1" ind2=" " tag="100"><subfield code="a">Tolstoj, Lev Nikolaevič</subfield><subfield code="d">1828-1910</subfield><subfield code="0">(IDREF)085948470</subfield><subfield code="4">cre</subfield></datafield><datafield ind1="1" ind2="0" tag="245"><subfield code="a">Souvenirs et récits</subfield><subfield code="c">Tolstoï ; préface de Sylvie Luneau ; [trad. et notes de Sylvie Luneau, Pierre Pascal, Gustave Aucouturier... [et al.]</subfield></datafield><datafield ind1=" " ind2="1" tag="264"><subfield code="a">Paris</subfield><subfield code="b">Gallimard</subfield><subfield code="c">1990</subfield></datafield><datafield ind1=" " ind2=" " tag="300"><subfield code="a">XXIV, 1589 p.</subfield><subfield code="c">18 cm</subfield></datafield><datafield ind1=" " ind2=" " tag="336"><subfield code="b">txt</subfield><subfield code="2">rdacontent</subfield></datafield><datafield ind1=" " ind2=" " tag="337"><subfield code="b">n</subfield><subfield code="2">rdamedia</subfield></datafield><datafield ind1=" " ind2=" " tag="338"><subfield code="b">nc</subfield><subfield code="2">rdacarrier</subfield></datafield><datafield ind1="1" ind2=" " tag="490"><subfield code="a">Bibliothèque de la Pléiade</subfield><subfield code="v">149</subfield></datafield><datafield ind1="1" ind2=" " tag="700"><subfield code="a">Luneau, Sylvie</subfield><subfield code="0">(RERO)A003536666</subfield></datafield><datafield ind1="1" ind2=" " tag="700"><subfield code="a">Pascal, Pierre</subfield><subfield code="c">slaviste</subfield><subfield code="d">1890-1983</subfield><subfield code="0">(IDREF)027059278</subfield></datafield><datafield ind1="1" ind2=" " tag="700"><subfield code="a">Aucouturier, Gustave</subfield><subfield code="d">1902-1985</subfield><subfield code="0">(IDREF)033184658</subfield></datafield><datafield ind1=" " ind2=" " tag="830"><subfield code="a">Bibliothèque de la Pléiade</subfield><subfield code="v">149</subfield><subfield code="w">(RERO)0000580-41slsp</subfield></datafield><datafield ind1=" " ind2=" " tag="900"><subfield code="a">REROnoselfmerge</subfield></datafield></record>
</metadata></record>