<record><header><identifier>oai:alma.41SLSP_UGE:991000024529705502</identifier><datestamp>2023-03-01T01:08:48Z</datestamp><setSpec>uge_bcen_RapidILL_BOOK</setSpec><setSpec>uge_aaca_RapidILL_BOOK</setSpec><setSpec>uge_abels_RapidILL_BOOK</setSpec><setSpec>uge_dbu_RapidILL_BOOK</setSpec><setSpec>uge_cmu_RapidILL_BOOK</setSpec><setSpec>uge_mail_RapidILL_BOOK</setSpec><setSpec>UNIGE_ALL</setSpec><setSpec>uge_abbat_RapidILL_BOOK</setSpec><setSpec>uge_aobs_RapidILL_BOOK</setSpec><setSpec>uge_acar_RapidILL_BOOK</setSpec></header><metadata>
<record xmlns="http://www.loc.gov/MARC21/slim" xmlns:xsi="http://www.w3.org/2001/XMLSchema-instance" xsi:schemaLocation="http://www.loc.gov/MARC21/slim http://www.loc.gov/standards/marcxml/schema/MARC21slim.xsd"><leader>02216nam a2200457 c 4500</leader><controlfield tag="001">991000024529705502</controlfield><controlfield tag="005">20201230225816.0</controlfield><controlfield tag="008">201011s1972    fr ||||| |||| 00| ||eng d</controlfield><datafield ind1=" " ind2=" " tag="019"><subfield code="a">SPI Retro 616443</subfield></datafield><datafield ind1=" " ind2=" " tag="035"><subfield code="a">(swissbib)224418661-41slsp_network</subfield></datafield><datafield ind1=" " ind2=" " tag="035"><subfield code="a">224418661</subfield><subfield code="9">ExL</subfield></datafield><datafield ind1=" " ind2=" " tag="035"><subfield code="a">(RERO)R219362660-41slsp</subfield></datafield><datafield ind1=" " ind2=" " tag="035"><subfield code="a">(NEBIS)000848359EBI01</subfield></datafield><datafield ind1=" " ind2=" " tag="035"><subfield code="a">(EXLNZ-41SLSP_NETWORK)991078005569705501</subfield></datafield><datafield ind1=" " ind2=" " tag="040"><subfield code="a">RERO neusge</subfield><subfield code="d">CH-ZuSLS</subfield></datafield><datafield ind1="0" ind2=" " tag="041"><subfield code="a">eng</subfield><subfield code="a">fre</subfield></datafield><datafield ind1=" " ind2="7" tag="072"><subfield code="a">st</subfield><subfield code="2">rero</subfield></datafield><datafield ind1="0" ind2="0" tag="245"><subfield code="a">&lt;&lt;The&gt;&gt; origin of Homo sapiens</subfield><subfield code="b">proceedings of the Paris symposium, 2-5 September 1969</subfield><subfield code="c">organized by Unesco in co-operation with the International Union for Quaternary Research (INQUA) ; ed. by F. Bordes = Origine de l'homme moderne : actes du colloque de Paris, 2-5 septembre 1969 / organisé par l'Unesco en collaboration avec l'Union internationale pour l'étude du Quaternaire (INQUA) ; texte mis au point par F. Bordes</subfield></datafield><datafield ind1="1" ind2=" " tag="246"><subfield code="a">Origine de l'homme moderne</subfield></datafield><datafield ind1=" " ind2="1" tag="264"><subfield code="a">Paris</subfield><subfield code="b">Unesco</subfield><subfield code="c">1972</subfield></datafield><datafield ind1=" " ind2=" " tag="300"><subfield code="a">321 p.</subfield><subfield code="b">ill.</subfield><subfield code="c">27 cm</subfield></datafield><datafield ind1=" " ind2=" " tag="336"><subfield code="b">txt</subfield><subfield code="2">rdacontent</subfield></datafield><datafield ind1=" " ind2=" " tag="337"><subfield code="b">n</subfield><subfield code="2">rdamedia</subfield></datafield><datafield ind1=" " ind2=" " tag="338"><subfield code="b">nc</subfield><subfield code="2">rdacarrier</subfield></datafield><datafield ind1="1" ind2=" " tag="490"><subfield code="a">Ecology and conservation = Ecologie et conservation</subfield><subfield code="v">3</subfield></datafield><datafield ind1=" " ind2=" " tag="500"><subfield code="a">Kongress: Symposium on environmental changes and the origin of Homo sapiens, held from 2 to 5 September 1969 at UNESCO Headquarter in Paris</subfield></datafield><datafield ind1=" " ind2="7" tag="650"><subfield code="a">Hominisation</subfield><subfield code="0">(DE-588)4072613-7</subfield><subfield code="2">gnd</subfield></datafield><datafield ind1=" " ind2="7" tag="650"><subfield code="a">Paläontologie</subfield><subfield code="0">(DE-588)4044375-9</subfield><subfield code="2">gnd</subfield></datafield><datafield ind1=" " ind2="7" tag="650"><subfield code="a">Anthropologie</subfield><subfield code="0">(DE-588)4002230-4</subfield><subfield code="2">gnd</subfield></datafield><datafield ind1=" " ind2="7" tag="655"><subfield code="a">Konferenzschrift</subfield><subfield code="2">gnd-content</subfield></datafield><datafield ind1=" " ind2="7" tag="655"><subfield code="a">Konferenzschrift</subfield><subfield code="z">Paris</subfield><subfield code="y">1969</subfield><subfield code="2">gnd-content</subfield></datafield><datafield ind1=" " ind2=" " tag="690"><subfield code="a">12</subfield><subfield code="d">Menschliche Evolution</subfield><subfield code="2">uzb-UB</subfield></datafield><datafield ind1="1" ind2=" " tag="700"><subfield code="a">Bordes, F.</subfield></datafield><datafield ind1="1" ind2=" " tag="700"><subfield code="a">Bordes, François</subfield><subfield code="d">1919-1981</subfield><subfield code="0">(RERO)A024042910</subfield></datafield><datafield ind1="2" ind2=" " tag="710"><subfield code="a">UNESCO</subfield><subfield code="b">Colloque</subfield><subfield code="d">1969</subfield><subfield code="c">Paris</subfield><subfield code="0">(RERO)A012369557</subfield></datafield><datafield ind1="2" ind2=" " tag="710"><subfield code="a">Union internationale pour l'étude du quaternaire</subfield><subfield code="b">Colloque</subfield><subfield code="d">1969</subfield><subfield code="c">Paris</subfield><subfield code="0">(RERO)A012369558</subfield></datafield><datafield ind1="2" ind2=" " tag="711"><subfield code="a">Symposium on Environmental Changes and the Origin of Homo Sapiens</subfield><subfield code="0">(DE-588)1092500197</subfield></datafield><datafield ind1=" " ind2=" " tag="830"><subfield code="a">Ecology and conservation</subfield><subfield code="v">3</subfield><subfield code="w">(RERO)R219302560-41slsp</subfield></datafield><datafield ind1=" " ind2=" " tag="830"><subfield code="a">Hawaii, Kilauea Volcano National Park</subfield><subfield code="v">3</subfield><subfield code="w">(NEBIS)000456016EBI01</subfield></datafield><datafield ind1=" " ind2=" " tag="900"><subfield code="a">REROnoselfmerge</subfield></datafield><datafield ind1=" " ind2=" " tag="900"><subfield code="a">IDSE1N25</subfield></datafield><datafield ind1=" " ind2=" " tag="900"><subfield code="a">IDSERSPIdummy</subfield></datafield></record>
</metadata></record>