<record><header><identifier>oai:alma.41SLSP_UGE:991000023799705502</identifier><datestamp>2024-06-28T00:09:14Z</datestamp><setSpec>uge_bcen_RapidILL_BOOK</setSpec><setSpec>uge_aaca_RapidILL_BOOK</setSpec><setSpec>uge_abels_RapidILL_BOOK</setSpec><setSpec>uge_dbu_RapidILL_BOOK</setSpec><setSpec>uge_cmu_RapidILL_BOOK</setSpec><setSpec>uge_mail_RapidILL_BOOK</setSpec><setSpec>uge_abbat_RapidILL_BOOK</setSpec><setSpec>UNIGE_ALL</setSpec><setSpec>uge_aobs_RapidILL_BOOK</setSpec><setSpec>uge_acar_RapidILL_BOOK</setSpec></header><metadata>
<record xmlns="http://www.loc.gov/MARC21/slim" xmlns:xsi="http://www.w3.org/2001/XMLSchema-instance" xsi:schemaLocation="http://www.loc.gov/MARC21/slim http://www.loc.gov/standards/marcxml/schema/MARC21slim.xsd"><leader>02973nam a2200385 c 4500</leader><controlfield tag="001">991000023799705502</controlfield><controlfield tag="005">20230719155247.0</controlfield><controlfield tag="008">080311s2007    ru ||||| |||| 00| ||rus d</controlfield><datafield ind1=" " ind2=" " tag="020"><subfield code="a">5879910822</subfield></datafield><datafield ind1=" " ind2=" " tag="035"><subfield code="a">(swissbib)106510045-41slsp_network</subfield></datafield><datafield ind1=" " ind2=" " tag="035"><subfield code="a">106510045</subfield><subfield code="9">ExL</subfield></datafield><datafield ind1=" " ind2=" " tag="035"><subfield code="a">(RERO)R004662050-41slsp</subfield></datafield><datafield ind1=" " ind2=" " tag="035"><subfield code="a">(EXLNZ-41SLSP_NETWORK)991086596849705501</subfield></datafield><datafield ind1=" " ind2=" " tag="040"><subfield code="a">SzZuIDS NEBIS UNI-SLA</subfield><subfield code="d">CH-ZuSLS</subfield></datafield><datafield ind1=" " ind2="7" tag="072"><subfield code="a">ru</subfield><subfield code="2">rero</subfield></datafield><datafield ind1="1" ind2=" " tag="100"><subfield code="6">880-01</subfield><subfield code="a">Annenskij, Innokentij Fedorovič</subfield><subfield code="d">1855-1909</subfield><subfield code="0">(IDREF)26184069X</subfield><subfield code="4">cre</subfield></datafield><datafield ind1="1" ind2=" " tag="880"><subfield code="6">100-01/(N</subfield><subfield code="a">Анненский, Иннокентий Федорович</subfield><subfield code="d">1855-1909</subfield></datafield><datafield ind1="1" ind2="0" tag="245"><subfield code="6">880-02</subfield><subfield code="a">Pisma</subfield><subfield code="c">I.F. Annenskij ; [sost. i kommentarii A.I. Chervi︠a︡kova]</subfield></datafield><datafield ind1="1" ind2="0" tag="880"><subfield code="6">245-02/(N</subfield><subfield code="a">Письма</subfield><subfield code="c">И.Ф. Анненский ; [сост. и комментарии А.И. Червякова]</subfield></datafield><datafield ind1=" " ind2="1" tag="264"><subfield code="6">880-03</subfield><subfield code="a">Sankt-Peterburg</subfield><subfield code="b">Izdatelʹskiĭ dom &quot;Galina skripsit&quot;</subfield><subfield code="c">2007</subfield></datafield><datafield ind1=" " ind2="1" tag="880"><subfield code="6">264-03/(N</subfield><subfield code="a">Санкт-Петербург</subfield><subfield code="b">Издательский дом &quot;Галина скрипсит&quot;</subfield><subfield code="c">2007</subfield></datafield><datafield ind1=" " ind2=" " tag="300"><subfield code="a">2 vol.</subfield></datafield><datafield ind1=" " ind2=" " tag="336"><subfield code="b">txt</subfield><subfield code="2">rdacontent</subfield></datafield><datafield ind1=" " ind2=" " tag="337"><subfield code="b">n</subfield><subfield code="2">rdamedia</subfield></datafield><datafield ind1=" " ind2=" " tag="338"><subfield code="b">nc</subfield><subfield code="2">rdacarrier</subfield></datafield><datafield ind1="0" ind2=" " tag="490"><subfield code="6">880-04</subfield><subfield code="a">Russkij ėpistoljarnyj archiv</subfield><subfield code="v">vyp. 1</subfield></datafield><datafield ind1="0" ind2=" " tag="880"><subfield code="6">490-04/(N</subfield><subfield code="a">Русский эпистолярный архив</subfield><subfield code="v">вып. 1</subfield></datafield><datafield ind1=" " ind2=" " tag="500"><subfield code="a">T. 1: 1879-1905</subfield></datafield><datafield ind1=" " ind2=" " tag="500"><subfield code="a">T. 2: 1906-1909</subfield></datafield><datafield ind1=" " ind2=" " tag="500"><subfield code="a">Т. 1: 1879-1905</subfield></datafield><datafield ind1=" " ind2=" " tag="500"><subfield code="a">Т. 2: 1906-1909</subfield></datafield><datafield ind1="1" ind2=" " tag="700"><subfield code="6">880-07</subfield><subfield code="a">Červâkov, Aleksandr Ippolitovič</subfield><subfield code="0">(IDREF)174217536</subfield></datafield><datafield ind1="1" ind2=" " tag="880"><subfield code="6">700-07/(N</subfield><subfield code="a">Червяков, Александр Ипполитович</subfield></datafield><datafield ind1=" " ind2="0" tag="830"><subfield code="6">880-08</subfield><subfield code="a">Russkiĭ ėpistoli︠a︡rnyĭ arkhiv</subfield><subfield code="v">1</subfield><subfield code="w">(RERO)R005154205-41slsp</subfield></datafield><datafield ind1=" " ind2="0" tag="880"><subfield code="6">830-08/(N</subfield><subfield code="a">Русский эпистолярный архив</subfield><subfield code="v">1</subfield></datafield><datafield ind1=" " ind2=" " tag="900"><subfield code="a">REROnoselfmerge</subfield></datafield></record>
</metadata></record>