<record><header><identifier>oai:alma.41SLSP_UGE:991000023689705502</identifier><datestamp>2024-11-20T01:08:09Z</datestamp><setSpec>uge_bcen_RapidILL_BOOK</setSpec><setSpec>uge_aaca_RapidILL_BOOK</setSpec><setSpec>uge_abels_RapidILL_BOOK</setSpec><setSpec>uge_dbu_RapidILL_BOOK</setSpec><setSpec>uge_cmu_RapidILL_BOOK</setSpec><setSpec>uge_mail_RapidILL_BOOK</setSpec><setSpec>UNIGE_ALL</setSpec><setSpec>uge_abbat_RapidILL_BOOK</setSpec><setSpec>uge_acar_RapidILL_BOOK</setSpec><setSpec>uge_aobs_RapidILL_BOOK</setSpec></header><metadata>
<record xmlns="http://www.loc.gov/MARC21/slim" xmlns:xsi="http://www.w3.org/2001/XMLSchema-instance" xsi:schemaLocation="http://www.loc.gov/MARC21/slim http://www.loc.gov/standards/marcxml/schema/MARC21slim.xsd"><leader>05616nam a2201045 c 4500</leader><controlfield tag="001">991000023689705502</controlfield><controlfield tag="005">20240823074705.0</controlfield><controlfield tag="008">201012t20012001sz ||||| |||| 10| ||ger d</controlfield><datafield ind1=" " ind2=" " tag="020"><subfield code="a">3034005113</subfield><subfield code="c">CHF 38.00</subfield></datafield><datafield ind1=" " ind2=" " tag="035"><subfield code="a">(swissbib)235264083-41slsp_network</subfield></datafield><datafield ind1=" " ind2=" " tag="035"><subfield code="a">235264083</subfield><subfield code="9">ExL</subfield></datafield><datafield ind1=" " ind2=" " tag="035"><subfield code="a">(RERO)R003042882-41slsp</subfield></datafield><datafield ind1=" " ind2=" " tag="035"><subfield code="a">(IDSLU)000227652ILU01</subfield></datafield><datafield ind1=" " ind2=" " tag="035"><subfield code="a">(NEBIS)004124628EBI01</subfield></datafield><datafield ind1=" " ind2=" " tag="035"><subfield code="a">(IDSBB)002295690DSV01</subfield></datafield><datafield ind1=" " ind2=" " tag="035"><subfield code="a">(IDSSG)000230079HSB01</subfield></datafield><datafield ind1=" " ind2=" " tag="035"><subfield code="a">(EXLNZ-41SLSP_NETWORK)991091682439705501</subfield></datafield><datafield ind1=" " ind2=" " tag="040"><subfield code="a">RERO geulhg</subfield><subfield code="d">CH-ZuSLS</subfield></datafield><datafield ind1="0" ind2=" " tag="041"><subfield code="a">ger</subfield><subfield code="a">fre</subfield></datafield><datafield ind1=" " ind2=" " tag="044"><subfield code="a">sz</subfield><subfield code="c">ch-zh</subfield></datafield><datafield ind1=" " ind2="7" tag="072"><subfield code="a">so</subfield><subfield code="2">rero</subfield></datafield><datafield ind1=" " ind2="7" tag="072"><subfield code="a">hg</subfield><subfield code="2">rero</subfield></datafield><datafield ind1=" " ind2="7" tag="072"><subfield code="a">650</subfield><subfield code="2">IDS LU</subfield></datafield><datafield ind1=" " ind2="7" tag="072"><subfield code="a">sg</subfield><subfield code="2">SzZuIDS BS/BE</subfield></datafield><datafield ind1=" " ind2="7" tag="072"><subfield code="a">gg</subfield><subfield code="2">SzZuIDS BS/BE</subfield></datafield><datafield ind1="0" ind2="4" tag="082"><subfield code="a">307.76</subfield><subfield code="2">22</subfield></datafield><datafield ind1="1" ind2="4" tag="082"><subfield code="a">949.4</subfield><subfield code="2">15</subfield></datafield><datafield ind1=" " ind2=" " tag="084"><subfield code="a">NW 2435</subfield><subfield code="2">rvk</subfield></datafield><datafield ind1="0" ind2="0" tag="245"><subfield code="a">Zentren</subfield><subfield code="b">Ausstrahlung, Einzugsbereich und Anziehungskraft von Städten und Siedlungen zwischen Rhein und Alpen</subfield><subfield code="c">Hans-Jörg Gilomen, Martina Stercken (Hg.)</subfield></datafield><datafield ind1=" " ind2="1" tag="264"><subfield code="a">Zürich</subfield><subfield code="b">Chronos</subfield><subfield code="c">[2001]</subfield></datafield><datafield ind1=" " ind2="4" tag="264"><subfield code="c">© 2001</subfield></datafield><datafield ind1=" " ind2=" " tag="300"><subfield code="a">196 Seiten</subfield><subfield code="b">Illustrationen</subfield><subfield code="c">23 cm</subfield></datafield><datafield ind1=" " ind2=" " tag="336"><subfield code="b">txt</subfield><subfield code="2">rdacontent</subfield></datafield><datafield ind1=" " ind2=" " tag="337"><subfield code="b">n</subfield><subfield code="2">rdamedia</subfield></datafield><datafield ind1=" " ind2=" " tag="338"><subfield code="b">nc</subfield><subfield code="2">rdacarrier</subfield></datafield><datafield ind1=" " ind2=" " tag="500"><subfield code="a">Der Band enthält Beiträge zum Kolloquium &quot;Die Stadt als Zentrum&quot;, das am 14. und 15. Oktober 1999, veranstaltet vom Schweizer Arbeitskreises für Stadtgeschichte in Zusammenarbeit mit dem Staatsarchiv und Stadtarchiv sowie der Neuen St.Galler Kantonsgeschichte (NKG), stattfand</subfield></datafield><datafield ind1=" " ind2="7" tag="648"><subfield code="a">Geschichte</subfield><subfield code="2">gnd</subfield></datafield><datafield ind1=" " ind2="7" tag="648"><subfield code="a">Geschichte 800-1991</subfield><subfield code="2">gnd</subfield></datafield><datafield ind1=" " ind2="7" tag="650"><subfield code="a">Campagne</subfield><subfield code="0">(IDREF)109095952</subfield><subfield code="2">idref</subfield></datafield><datafield ind1=" " ind2="7" tag="650"><subfield code="a">Centralité (géographie)</subfield><subfield code="0">(IDREF)028154347</subfield><subfield code="2">idref</subfield></datafield><datafield ind1=" " ind2="7" tag="650"><subfield code="a">410-20e siècle</subfield><subfield code="0">(RERO)A026984229</subfield><subfield code="2">rero</subfield></datafield><datafield ind1=" " ind2="7" tag="650"><subfield code="a">Moyen âge</subfield><subfield code="0">(IDREF)027329917</subfield><subfield code="2">idref</subfield></datafield><datafield ind1=" " ind2="7" tag="650"><subfield code="a">Villes</subfield><subfield code="0">(IDREF)027255778</subfield><subfield code="2">idref</subfield></datafield><datafield ind1=" " ind2="7" tag="650"><subfield code="a">Zentraler Ort</subfield><subfield code="0">(DE-588)4067619-5</subfield><subfield code="2">gnd</subfield></datafield><datafield ind1=" " ind2="7" tag="650"><subfield code="a">Stadt</subfield><subfield code="2">idszbz</subfield></datafield><datafield ind1=" " ind2="7" tag="650"><subfield code="a">Umland</subfield><subfield code="0">(DE-588)4315899-7</subfield><subfield code="2">gnd</subfield></datafield><datafield ind1=" " ind2="7" tag="650"><subfield code="a">Land</subfield><subfield code="0">(DE-588)4166521-1</subfield><subfield code="2">gnd</subfield></datafield><datafield ind1=" " ind2="7" tag="650"><subfield code="a">Ländlicher Raum</subfield><subfield code="2">idszbz</subfield></datafield><datafield ind1=" " ind2="7" tag="650"><subfield code="a">Zentrum</subfield><subfield code="g">Schach</subfield><subfield code="0">(DE-588)4192892-1</subfield><subfield code="2">gnd</subfield></datafield><datafield ind1=" " ind2="0" tag="650"><subfield code="a">Cities and towns</subfield><subfield code="z">Switzerland</subfield><subfield code="v">Congresses</subfield></datafield><datafield ind1=" " ind2="0" tag="650"><subfield code="a">Urbanization</subfield><subfield code="z">Switzerland</subfield><subfield code="v">Congresses</subfield></datafield><datafield ind1=" " ind2="7" tag="650"><subfield code="a">OSTSCHWEIZ</subfield><subfield code="9">ger</subfield><subfield code="0">(ETHUDK)000004591</subfield><subfield code="2">ethudk</subfield></datafield><datafield ind1=" " ind2="7" tag="650"><subfield code="a">STADT-LAND-BEZIEHUNGEN (STÄDTEWESEN)</subfield><subfield code="9">ger</subfield><subfield code="0">(ETHUDK)000036665</subfield><subfield code="2">ethudk</subfield></datafield><datafield ind1=" " ind2="7" tag="650"><subfield code="a">STADTGESCHICHTE</subfield><subfield code="9">ger</subfield><subfield code="0">(ETHUDK)000036650</subfield><subfield code="2">ethudk</subfield></datafield><datafield ind1=" " ind2="7" tag="650"><subfield code="a">ZENTRALITÄT + ZENTRALE ORTE + ZENTRALÖRTLICHE SYSTEME (STÄDTEWESEN)</subfield><subfield code="9">ger</subfield><subfield code="0">(ETHUDK)000036666</subfield><subfield code="2">ethudk</subfield></datafield><datafield ind1=" " ind2="7" tag="650"><subfield code="a">Zentraler Ort</subfield><subfield code="z">Schweiz</subfield><subfield code="y">Geschichte</subfield><subfield code="v">Kongressbericht</subfield><subfield code="2">idsbb</subfield></datafield><datafield ind1=" " ind2="7" tag="650"><subfield code="a">Stadt</subfield><subfield code="x">Land</subfield><subfield code="z">Schweiz</subfield><subfield code="y">Geschichte</subfield><subfield code="v">Kongressbericht</subfield><subfield code="2">idsbb</subfield></datafield><datafield ind1=" " ind2="7" tag="650"><subfield code="a">Stadt</subfield><subfield code="0">(DE-588)4056723-0</subfield><subfield code="2">gnd</subfield></datafield><datafield ind1=" " ind2="7" tag="650"><subfield code="a">Ländlicher Raum</subfield><subfield code="0">(DE-588)4034026-0</subfield><subfield code="2">gnd</subfield></datafield><datafield ind1=" " ind2="7" tag="650"><subfield code="a">Stadtentwicklung</subfield><subfield code="0">(DE-588)4056730-8</subfield><subfield code="2">gnd</subfield></datafield><datafield ind1=" " ind2="7" tag="651"><subfield code="a">Suisse - nord</subfield><subfield code="0">(RERO)A010154922</subfield><subfield code="2">rero</subfield></datafield><datafield ind1=" " ind2="7" tag="651"><subfield code="a">Allemagne (sud-ouest)</subfield><subfield code="0">(IDREF)028388569</subfield><subfield code="2">idref</subfield></datafield><datafield ind1=" " ind2="7" tag="651"><subfield code="a">Saint-Gall (Suisse ; canton)</subfield><subfield code="0">(IDREF)027860787</subfield><subfield code="2">idref</subfield></datafield><datafield ind1=" " ind2="7" tag="651"><subfield code="a">Bodensee-Gebiet</subfield><subfield code="0">(DE-588)4007405-5</subfield><subfield code="2">gnd</subfield></datafield><datafield ind1=" " ind2="7" tag="651"><subfield code="a">Kanton Sankt Gallen</subfield><subfield code="0">(DE-588)4051595-3</subfield><subfield code="2">gnd</subfield></datafield><datafield ind1=" " ind2="7" tag="651"><subfield code="a">Schweiz</subfield><subfield code="2">idszbz</subfield></datafield><datafield ind1=" " ind2="7" tag="651"><subfield code="a">Schweiz</subfield><subfield code="z">Ost</subfield><subfield code="0">(DE-588)4044106-4</subfield><subfield code="2">gnd</subfield></datafield><datafield ind1=" " ind2="7" tag="651"><subfield code="a">Bregenz</subfield><subfield code="0">(DE-588)4008099-7</subfield><subfield code="2">gnd</subfield></datafield><datafield ind1=" " ind2="7" tag="651"><subfield code="a">Sankt Gallen</subfield><subfield code="0">(DE-588)4051594-1</subfield><subfield code="2">gnd</subfield></datafield><datafield ind1=" " ind2="7" tag="655"><subfield code="a">Actes de congrès</subfield><subfield code="0">(IDREF)02886431X</subfield><subfield code="2">idref</subfield></datafield><datafield ind1=" " ind2="7" tag="655"><subfield code="a">Aufsatzsammlung</subfield><subfield code="2">gnd-content</subfield></datafield><datafield ind1=" " ind2="7" tag="655"><subfield code="a">Aufsatzsammlung</subfield><subfield code="2">idszbz</subfield></datafield><datafield ind1=" " ind2="7" tag="655"><subfield code="a">Konferenzschrift</subfield><subfield code="z">Sankt Gallen</subfield><subfield code="y">1999</subfield><subfield code="2">gnd-content</subfield></datafield><datafield ind1=" " ind2=" " tag="690"><subfield code="a">Stadt</subfield><subfield code="2">rzh-UA</subfield></datafield><datafield ind1=" " ind2=" " tag="690"><subfield code="a">Sankt Gallen (Kanton)</subfield><subfield code="2">rzh-UA</subfield></datafield><datafield ind1=" " ind2=" " tag="690"><subfield code="a">Landstadt; Ausstrahlung; Erschließung; Mobilität; Siedlung; wirtschaftliche Entwicklung; Mittelalter; Bauberuf; Burmeister; Säugetier; Bodensee; Herrschaft; Landschaft; Vergleich; Theorie; Alp; Altstätte; Anziehungskraft; Autobahn; Beobachtung; Bregenz; Eisenbahn; Juden; Rhein; Einzug; Kloster; Stadt-Land-Beziehung</subfield><subfield code="2">idssg-J</subfield></datafield><datafield ind1=" " ind2=" " tag="690"><subfield code="a">Zentrumsfunktion; Hans-Jörg; Einzugsbereich; Hans-Rudolf; Klosterherrschaft; Umlandbereich; Zentralitätstheorie; Bodenseeraum; Stadt-Land-Verhältnis</subfield><subfield code="2">idssg-J</subfield></datafield><datafield ind1=" " ind2=" " tag="690"><subfield code="a">anderes Modell; frühes Mittelalter; hohes Mittelalter; kleinräumige Migration; städtischer Umlandbereich; südwestdeutsch-schweizerisches Beispiel; zeitweilige Zentralität; zentralörtliche Funktion</subfield><subfield code="2">idssg-J</subfield></datafield><datafield ind1=" " ind2=" " tag="690"><subfield code="a">Schweiz C4EXSI; Österreich C4EUAU; Deutschland C4EUGE; China C9CHIN</subfield><subfield code="2">idssg-J</subfield></datafield><datafield ind1=" " ind2=" " tag="690"><subfield code="a">Alfred Zangger; Anne Radeff; Dorothee Rl; Ernest Menolfi; George Nicolas Zentrale; Hans-Jörg Gilomen; Hans-Rudolf Galliker; Helmut Maurer Suburbium; Karin Fuchs; Karl Heinz Burmeister; Landstadt Wil Altstätten; Martina Stercken; Rolf Kiessling; Sabin Schreiber Erschliessung; Silvio Bucher; St. Gallen; St. Galler</subfield><subfield code="2">idssg-J</subfield></datafield><datafield ind1="1" ind2=" " tag="700"><subfield code="6">880-04</subfield><subfield code="a">Stercken, Martina</subfield><subfield code="d">19..-....</subfield><subfield code="0">(IDREF)05683036X</subfield><subfield code="4">edt</subfield></datafield><datafield ind1="1" ind2=" " tag="880"><subfield code="6">700-04/(B</subfield><subfield code="a">Stercken, Martina</subfield><subfield code="0">(DE-588)1033753211</subfield><subfield code="4">edt</subfield></datafield><datafield ind1="1" ind2=" " tag="700"><subfield code="6">880-03</subfield><subfield code="a">Gilomen, Hans-Jörg</subfield><subfield code="d">1945-</subfield><subfield code="0">(DE-588)112492851</subfield><subfield code="4">edt</subfield></datafield><datafield ind1="1" ind2=" " tag="880"><subfield code="6">700-03</subfield><subfield code="a">Gilomen, Hans-Jörg</subfield><subfield code="d">1945-....</subfield><subfield code="0">(IDREF)052890457</subfield><subfield code="4">edt</subfield></datafield><datafield ind1="2" ind2=" " tag="710"><subfield code="a">Schweizer Arbeitskreis für Stadtgeschichte</subfield><subfield code="0">(DE-588)1086113853</subfield></datafield><datafield ind1="2" ind2=" " tag="710"><subfield code="a">Groupe d'étude d'histoire urbaine (Suisse)</subfield><subfield code="b">Colloque</subfield><subfield code="d">1999</subfield><subfield code="c">Sankt Gallen</subfield><subfield code="0">(RERO)A012506806</subfield></datafield><datafield ind1="2" ind2=" " tag="711"><subfield code="a">Kolloquium &quot;Die Stadt als Zentrum&quot;</subfield><subfield code="0">(DE-588)1091825297</subfield></datafield><datafield ind1="4" ind2=" " tag="856"><subfield code="u">https://tools.unisg.ch/url/hm00058496</subfield><subfield code="z">Inhaltsverzeichnis</subfield></datafield><datafield ind1=" " ind2=" " tag="900"><subfield code="a">IDSZ1ZH</subfield></datafield><datafield ind1=" " ind2=" " tag="900"><subfield code="a">IDSZ2zbzmon200105e</subfield><subfield code="c">IDSZ2geis</subfield><subfield code="d">IDSZ2zbzswk200106b</subfield><subfield code="e">IDSZ2erbe</subfield></datafield><datafield ind1=" " ind2=" " tag="949"><subfield code="a">https://tools.unisg.ch/url/hm00058496</subfield></datafield></record>
</metadata></record>