<record><header><identifier>oai:alma.41SLSP_UGE:991000023789705502</identifier><datestamp>2024-07-27T01:41:14Z</datestamp><setSpec>uge_bcen_RapidILL_BOOK</setSpec><setSpec>uge_aaca_RapidILL_BOOK</setSpec><setSpec>uge_abels_RapidILL_BOOK</setSpec><setSpec>uge_dbu_RapidILL_BOOK</setSpec><setSpec>uge_cmu_RapidILL_BOOK</setSpec><setSpec>uge_mail_RapidILL_BOOK</setSpec><setSpec>uge_abbat_RapidILL_BOOK</setSpec><setSpec>UNIGE_ALL</setSpec><setSpec>uge_acar_RapidILL_BOOK</setSpec><setSpec>uge_aobs_RapidILL_BOOK</setSpec></header><metadata>
<record xmlns="http://www.loc.gov/MARC21/slim" xmlns:xsi="http://www.w3.org/2001/XMLSchema-instance" xsi:schemaLocation="http://www.loc.gov/MARC21/slim http://www.loc.gov/standards/marcxml/schema/MARC21slim.xsd"><leader>05587nam a2201213 c 4500</leader><controlfield tag="001">991000023789705502</controlfield><controlfield tag="005">20230630214654.0</controlfield><controlfield tag="008">201011s2003    gw ||||| |||| 10| ||ger d</controlfield><datafield ind1=" " ind2=" " tag="015"><subfield code="a">GFR-CIP-03,N48,0497</subfield><subfield code="a">DNB-04,A14,0650</subfield></datafield><datafield ind1="7" ind2=" " tag="016"><subfield code="a">969219520</subfield><subfield code="2">GyFmDB</subfield></datafield><datafield ind1=" " ind2=" " tag="019"><subfield code="a">1 notice analytique pour contribution de droit suisse</subfield><subfield code="5">RERO/neubfd/01.2004</subfield></datafield><datafield ind1=" " ind2=" " tag="019"><subfield code="a">Notices analytiques</subfield><subfield code="5">RERO/iftflu/12.2015</subfield></datafield><datafield ind1=" " ind2=" " tag="020"><subfield code="a">3769409418</subfield><subfield code="q">kart.</subfield><subfield code="c">EUR 98.00, sfr 155.00</subfield></datafield><datafield ind1=" " ind2=" " tag="035"><subfield code="a">(swissbib)228702127-41slsp_network</subfield></datafield><datafield ind1=" " ind2=" " tag="035"><subfield code="a">228702127</subfield><subfield code="9">ExL</subfield></datafield><datafield ind1=" " ind2=" " tag="035"><subfield code="a">(RERO)R003564954-41slsp</subfield></datafield><datafield ind1=" " ind2=" " tag="035"><subfield code="a">(NEBIS)004625417EBI01</subfield></datafield><datafield ind1=" " ind2=" " tag="035"><subfield code="a">(IDSLU)000362125ILU01</subfield></datafield><datafield ind1=" " ind2=" " tag="035"><subfield code="a">(IDSBB)003431383DSV01</subfield></datafield><datafield ind1=" " ind2=" " tag="035"><subfield code="a">(DDB)969219520</subfield></datafield><datafield ind1=" " ind2=" " tag="035"><subfield code="a">(EXLNZ-41SLSP_NETWORK)991080693969705501</subfield></datafield><datafield ind1=" " ind2=" " tag="040"><subfield code="a">RERO neubfd</subfield><subfield code="d">CH-ZuSLS</subfield></datafield><datafield ind1="0" ind2=" " tag="041"><subfield code="a">ger</subfield><subfield code="a">eng</subfield></datafield><datafield ind1=" " ind2=" " tag="044"><subfield code="a">gw</subfield></datafield><datafield ind1=" " ind2="7" tag="072"><subfield code="a">dr</subfield><subfield code="2">rero</subfield></datafield><datafield ind1=" " ind2="7" tag="072"><subfield code="a">840</subfield><subfield code="2">IDS LU</subfield></datafield><datafield ind1=" " ind2="7" tag="072"><subfield code="a">rw</subfield><subfield code="2">SzZuIDS BS/BE</subfield></datafield><datafield ind1="1" ind2="4" tag="082"><subfield code="a">346.430166</subfield><subfield code="2">22</subfield></datafield><datafield ind1="1" ind2="4" tag="082"><subfield code="a">340</subfield><subfield code="2">15</subfield></datafield><datafield ind1=" " ind2=" " tag="084"><subfield code="a">A 66.2 e</subfield><subfield code="2">cjurrom</subfield></datafield><datafield ind1=" " ind2=" " tag="084"><subfield code="a">A 12 e</subfield><subfield code="2">cjurrom</subfield></datafield><datafield ind1=" " ind2=" " tag="084"><subfield code="a">A 66.1 g</subfield><subfield code="2">cjurrom</subfield></datafield><datafield ind1=" " ind2=" " tag="084"><subfield code="a">19</subfield><subfield code="2">sdnb</subfield></datafield><datafield ind1=" " ind2=" " tag="084"><subfield code="a">PU 1534</subfield><subfield code="2">rvk</subfield></datafield><datafield ind1="2" ind2=" " tag="111"><subfield code="a">Symposium für Europäisches Familienrecht</subfield><subfield code="n">6</subfield><subfield code="d">2002</subfield><subfield code="c">Regensburg</subfield><subfield code="0">(DE-588)6133962-3</subfield></datafield><datafield ind1="1" ind2="0" tag="245"><subfield code="a">Scheidung und nachehelicher Unterhalt im europäischen Vergleich</subfield><subfield code="c">hrsg. von Sibylle Hofer, Dieter Henrich, Dieter Schwab</subfield></datafield><datafield ind1=" " ind2="1" tag="264"><subfield code="a">Bielefeld</subfield><subfield code="b">E. und W. Gieseking</subfield><subfield code="c">2003</subfield></datafield><datafield ind1=" " ind2=" " tag="300"><subfield code="a">XXVII, 432 S.</subfield><subfield code="b">Ill.</subfield><subfield code="c">22 cm</subfield></datafield><datafield ind1=" " ind2=" " tag="336"><subfield code="b">txt</subfield><subfield code="2">rdacontent</subfield></datafield><datafield ind1=" " ind2=" " tag="337"><subfield code="b">n</subfield><subfield code="2">rdamedia</subfield></datafield><datafield ind1=" " ind2=" " tag="338"><subfield code="b">nc</subfield><subfield code="2">rdacarrier</subfield></datafield><datafield ind1="1" ind2=" " tag="490"><subfield code="a">Beiträge zum europäischen Familienrecht</subfield><subfield code="v">Bd. 8</subfield></datafield><datafield ind1=" " ind2=" " tag="500"><subfield code="a">Beitr. des 6. Symposiums für Europäisches Familienrecht mit dem Thema &quot;Ehescheidung und nachehelicher Unterhalt im europäischen Vergleich&quot; vom 10. bis 12. Oktober 2002 in Regensburg</subfield></datafield><datafield ind1=" " ind2=" " tag="500"><subfield code="a">Deutsche und engl. Texte</subfield></datafield><datafield ind1=" " ind2=" " tag="500"><subfield code="a">Untertitel auf dem Umschlag: Beiträge zum europäischen Familienrecht</subfield></datafield><datafield ind1=" " ind2=" " tag="500"><subfield code="a">Referate gehalten am 6. Symposium für Europäisches Familienrecht vom 10. bis 12. Oktober 2002 in Regensburg</subfield></datafield><datafield ind1=" " ind2="7" tag="650"><subfield code="a">Ehescheidung</subfield><subfield code="9">ger</subfield><subfield code="0">(RERO)jurivoc000006138ger</subfield><subfield code="2">jurivoc</subfield></datafield><datafield ind1=" " ind2="7" tag="650"><subfield code="a">Unterhaltspflicht</subfield><subfield code="9">ger</subfield><subfield code="0">(RERO)jurivoc000023835ger</subfield><subfield code="2">jurivoc</subfield></datafield><datafield ind1=" " ind2="7" tag="650"><subfield code="a">geschiedene Person</subfield><subfield code="9">ger</subfield><subfield code="0">(RERO)jurivoc000009799ger</subfield><subfield code="2">jurivoc</subfield></datafield><datafield ind1=" " ind2="7" tag="650"><subfield code="a">Rechtsvergleichung</subfield><subfield code="9">ger</subfield><subfield code="0">(RERO)jurivoc000018481ger</subfield><subfield code="2">jurivoc</subfield></datafield><datafield ind1=" " ind2="7" tag="650"><subfield code="a">Divorce</subfield><subfield code="0">(IDREF)027287289</subfield><subfield code="2">idref</subfield></datafield><datafield ind1=" " ind2="7" tag="650"><subfield code="a">Droit comparé</subfield><subfield code="0">(IDREF)027741451</subfield><subfield code="2">idref</subfield></datafield><datafield ind1=" " ind2="7" tag="650"><subfield code="a">Pensions alimentaires</subfield><subfield code="0">(IDREF)050616455</subfield><subfield code="2">idref</subfield></datafield><datafield ind1=" " ind2="7" tag="650"><subfield code="a">Ehescheidung</subfield><subfield code="2">idszbz</subfield></datafield><datafield ind1=" " ind2="7" tag="650"><subfield code="a">Familienrecht</subfield><subfield code="2">idszbz</subfield></datafield><datafield ind1=" " ind2="7" tag="650"><subfield code="a">Unterhaltspflicht</subfield><subfield code="2">idszbz</subfield></datafield><datafield ind1=" " ind2="7" tag="650"><subfield code="a">Vergleich</subfield><subfield code="2">idszbz</subfield></datafield><datafield ind1=" " ind2="7" tag="650"><subfield code="a">Kongress</subfield><subfield code="0">(DE-588)4130470-6</subfield><subfield code="2">gnd</subfield></datafield><datafield ind1=" " ind2="0" tag="650"><subfield code="a">Comparative law</subfield></datafield><datafield ind1=" " ind2="0" tag="650"><subfield code="a">Divorce</subfield><subfield code="x">Law and legislation</subfield><subfield code="z">Europe</subfield></datafield><datafield ind1=" " ind2="0" tag="650"><subfield code="a">Domestic relations</subfield><subfield code="z">Europe</subfield></datafield><datafield ind1=" " ind2="7" tag="650"><subfield code="a">Ehescheidungsrecht</subfield><subfield code="0">(DE-588)4070670-9</subfield><subfield code="2">gnd</subfield></datafield><datafield ind1=" " ind2="7" tag="650"><subfield code="a">Rechtsvergleich</subfield><subfield code="0">(DE-588)4115712-6</subfield><subfield code="2">gnd</subfield></datafield><datafield ind1=" " ind2="7" tag="650"><subfield code="a">Unterhaltspflicht</subfield><subfield code="0">(DE-588)4078570-1</subfield><subfield code="2">gnd</subfield></datafield><datafield ind1=" " ind2="7" tag="650"><subfield code="a">Unterhaltspflicht</subfield><subfield code="x">Ehescheidung</subfield><subfield code="x">Rechtsvergleichung</subfield><subfield code="z">Europa</subfield><subfield code="v">Kongressbericht</subfield><subfield code="2">idsbb</subfield></datafield><datafield ind1=" " ind2="7" tag="650"><subfield code="a">Ehescheidung</subfield><subfield code="x">Unterhaltspflicht</subfield><subfield code="x">Rechtsvergleichung</subfield><subfield code="z">Europa</subfield><subfield code="v">Kongressbericht</subfield><subfield code="2">idsbb</subfield></datafield><datafield ind1=" " ind2="7" tag="651"><subfield code="a">Deutschland</subfield><subfield code="9">ger</subfield><subfield code="0">(RERO)jurivoc000005510ger</subfield><subfield code="2">jurivoc</subfield></datafield><datafield ind1=" " ind2="7" tag="651"><subfield code="a">Belgien</subfield><subfield code="9">ger</subfield><subfield code="0">(RERO)jurivoc000003183ger</subfield><subfield code="2">jurivoc</subfield></datafield><datafield ind1=" " ind2="7" tag="651"><subfield code="a">Vereinigtes Königreich</subfield><subfield code="9">ger</subfield><subfield code="0">(RERO)jurivoc000024332ger</subfield><subfield code="2">jurivoc</subfield></datafield><datafield ind1=" " ind2="7" tag="651"><subfield code="a">Frankreich</subfield><subfield code="9">ger</subfield><subfield code="0">(RERO)jurivoc000008683ger</subfield><subfield code="2">jurivoc</subfield></datafield><datafield ind1=" " ind2="7" tag="651"><subfield code="a">Griechenland</subfield><subfield code="9">ger</subfield><subfield code="0">(RERO)jurivoc000010332ger</subfield><subfield code="2">jurivoc</subfield></datafield><datafield ind1=" " ind2="7" tag="651"><subfield code="a">Italien</subfield><subfield code="9">ger</subfield><subfield code="0">(RERO)jurivoc000012134ger</subfield><subfield code="2">jurivoc</subfield></datafield><datafield ind1=" " ind2="7" tag="651"><subfield code="a">Jugoslawien</subfield><subfield code="9">ger</subfield><subfield code="0">(RERO)jurivoc000012260ger</subfield><subfield code="2">jurivoc</subfield></datafield><datafield ind1=" " ind2="7" tag="651"><subfield code="a">Niederlande</subfield><subfield code="9">ger</subfield><subfield code="0">(RERO)jurivoc000016018ger</subfield><subfield code="2">jurivoc</subfield></datafield><datafield ind1=" " ind2="7" tag="651"><subfield code="a">Österreich</subfield><subfield code="9">ger</subfield><subfield code="0">(RERO)jurivoc000016714ger</subfield><subfield code="2">jurivoc</subfield></datafield><datafield ind1=" " ind2="7" tag="651"><subfield code="a">Polen</subfield><subfield code="9">ger</subfield><subfield code="0">(RERO)jurivoc000017360ger</subfield><subfield code="2">jurivoc</subfield></datafield><datafield ind1=" " ind2="7" tag="651"><subfield code="a">Rumänien</subfield><subfield code="9">ger</subfield><subfield code="0">(RERO)jurivoc000019191ger</subfield><subfield code="2">jurivoc</subfield></datafield><datafield ind1=" " ind2="7" tag="651"><subfield code="a">Schweden</subfield><subfield code="9">ger</subfield><subfield code="0">(RERO)jurivoc000019898ger</subfield><subfield code="2">jurivoc</subfield></datafield><datafield ind1=" " ind2="7" tag="651"><subfield code="a">Schweiz</subfield><subfield code="9">ger</subfield><subfield code="0">(RERO)jurivoc000019912ger</subfield><subfield code="2">jurivoc</subfield></datafield><datafield ind1=" " ind2="7" tag="651"><subfield code="a">Slowenien</subfield><subfield code="9">ger</subfield><subfield code="0">(RERO)jurivoc000020364ger</subfield><subfield code="2">jurivoc</subfield></datafield><datafield ind1=" " ind2="7" tag="651"><subfield code="a">Tschechische Republik</subfield><subfield code="9">ger</subfield><subfield code="0">(RERO)jurivoc000022740ger</subfield><subfield code="2">jurivoc</subfield></datafield><datafield ind1=" " ind2="7" tag="651"><subfield code="a">Türkei</subfield><subfield code="9">ger</subfield><subfield code="0">(RERO)jurivoc000022750ger</subfield><subfield code="2">jurivoc</subfield></datafield><datafield ind1=" " ind2="7" tag="651"><subfield code="a">Ungarn</subfield><subfield code="9">ger</subfield><subfield code="0">(RERO)jurivoc000023577ger</subfield><subfield code="2">jurivoc</subfield></datafield><datafield ind1=" " ind2="7" tag="651"><subfield code="a">Europa</subfield><subfield code="2">idszbz</subfield></datafield><datafield ind1=" " ind2="7" tag="651"><subfield code="a">Europa</subfield><subfield code="0">(DE-588)4015701-5</subfield><subfield code="2">gnd</subfield></datafield><datafield ind1=" " ind2="7" tag="655"><subfield code="a">Actes de congrès</subfield><subfield code="0">(IDREF)02886431X</subfield><subfield code="2">idref</subfield></datafield><datafield ind1=" " ind2="7" tag="655"><subfield code="a">Aufsatzsammlung</subfield><subfield code="2">idszbz</subfield></datafield><datafield ind1=" " ind2="7" tag="655"><subfield code="a">Konferenzschrift</subfield><subfield code="z">Regensburg</subfield><subfield code="y">2002</subfield><subfield code="2">gnd-content</subfield></datafield><datafield ind1=" " ind2="7" tag="655"><subfield code="a">Aufsatzsammlung</subfield><subfield code="2">gnd-content</subfield></datafield><datafield ind1=" " ind2="7" tag="655"><subfield code="a">Quelle</subfield><subfield code="2">gnd-content</subfield></datafield><datafield ind1=" " ind2=" " tag="691"><subfield code="e">PC 66.2</subfield><subfield code="2">rzs-L1</subfield></datafield><datafield ind1=" " ind2=" " tag="691"><subfield code="e">PC 66.2 XA</subfield><subfield code="2">rzs-L1</subfield></datafield><datafield ind1=" " ind2=" " tag="691"><subfield code="e">PC 66.2 CH</subfield><subfield code="2">rzs-L1</subfield></datafield><datafield ind1=" " ind2=" " tag="691"><subfield code="e">PC 66.1</subfield><subfield code="2">rzs-L1</subfield></datafield><datafield ind1=" " ind2=" " tag="691"><subfield code="e">PC 66.1 XA</subfield><subfield code="2">rzs-L1</subfield></datafield><datafield ind1=" " ind2=" " tag="691"><subfield code="e">PC 66.1 CH</subfield><subfield code="2">rzs-L1</subfield></datafield><datafield ind1="1" ind2=" " tag="700"><subfield code="a">Henrich, Dieter</subfield><subfield code="d">1930-....</subfield><subfield code="0">(IDREF)066912342</subfield></datafield><datafield ind1="1" ind2=" " tag="700"><subfield code="a">Schwab, Dieter</subfield><subfield code="c">juriste</subfield><subfield code="d">1935-....</subfield><subfield code="0">(IDREF)031756859</subfield></datafield><datafield ind1="1" ind2=" " tag="700"><subfield code="a">Hofer, Sibylle</subfield><subfield code="d">1960-</subfield><subfield code="0">(DE-588)123262240</subfield><subfield code="6">880-04</subfield></datafield><datafield ind1="1" ind2=" " tag="880"><subfield code="6">700-04</subfield><subfield code="a">Hofer, Sibylle</subfield><subfield code="d">1960-....</subfield><subfield code="0">(IDREF)191159638</subfield></datafield><datafield ind1="2" ind2=" " tag="711"><subfield code="a">Regensburger Symposium für europäisches Familienrecht</subfield><subfield code="n">6</subfield><subfield code="d">2002</subfield><subfield code="0">(RERO)A012392477</subfield></datafield><datafield ind1=" " ind2="0" tag="830"><subfield code="a">Beiträge zum europäischen Familienrecht</subfield><subfield code="v">8</subfield><subfield code="w">(RERO)1913873-41slsp</subfield></datafield><datafield ind1=" " ind2="0" tag="830"><subfield code="a">Beiträge zum europäischen Familienrecht</subfield><subfield code="v">8</subfield><subfield code="w">(NEBIS)001006586EBI01</subfield></datafield><datafield ind1=" " ind2=" " tag="900"><subfield code="a">IDSZ2rwimon200311e</subfield><subfield code="c">IDSZ2rosi 031127</subfield><subfield code="d">IDSZ2rwiswk200401b</subfield><subfield code="e">IDSZ2freid</subfield></datafield><datafield ind1=" " ind2=" " tag="900"><subfield code="a">IDSZ2zbzmon200406l</subfield><subfield code="c">IDSZ2meyc</subfield><subfield code="d">IDSZ2zbzswk200406u</subfield></datafield></record>
</metadata></record>