<record><header><identifier>oai:alma.41SLSP_UGE:991000024519705502</identifier><datestamp>2024-02-06T01:23:52Z</datestamp><setSpec>uge_bcen_RapidILL_BOOK</setSpec><setSpec>uge_aaca_RapidILL_BOOK</setSpec><setSpec>uge_abels_RapidILL_BOOK</setSpec><setSpec>uge_dbu_RapidILL_BOOK</setSpec><setSpec>uge_cmu_RapidILL_BOOK</setSpec><setSpec>uge_mail_RapidILL_BOOK</setSpec><setSpec>uge_abbat_RapidILL_BOOK</setSpec><setSpec>UNIGE_ALL</setSpec><setSpec>uge_acar_RapidILL_BOOK</setSpec><setSpec>uge_aobs_RapidILL_BOOK</setSpec></header><metadata>
<record xmlns="http://www.loc.gov/MARC21/slim" xmlns:xsi="http://www.w3.org/2001/XMLSchema-instance" xsi:schemaLocation="http://www.loc.gov/MARC21/slim http://www.loc.gov/standards/marcxml/schema/MARC21slim.xsd"><leader>01856nam a2200385 c 4500</leader><controlfield tag="001">991000024519705502</controlfield><controlfield tag="005">20201231184811.0</controlfield><controlfield tag="008">201012s1992    fr ||||| |||| 10| ||fre d</controlfield><datafield ind1="7" ind2=" " tag="024"><subfield code="a">http://catalogue.bnf.fr/ark:/12148/cb35595233h</subfield><subfield code="2">uri</subfield></datafield><datafield ind1=" " ind2=" " tag="035"><subfield code="a">(swissbib)241655404-41slsp_network</subfield></datafield><datafield ind1=" " ind2=" " tag="035"><subfield code="a">241655404</subfield><subfield code="9">ExL</subfield></datafield><datafield ind1=" " ind2=" " tag="035"><subfield code="a">(RERO)1647945-41slsp</subfield></datafield><datafield ind1=" " ind2=" " tag="035"><subfield code="a">(IDSBB)000944418DSV01</subfield></datafield><datafield ind1=" " ind2=" " tag="035"><subfield code="a">(EXLNZ-41SLSP_NETWORK)991116850769705501</subfield></datafield><datafield ind1=" " ind2=" " tag="040"><subfield code="a">RERO laisdc</subfield><subfield code="d">CH-ZuSLS</subfield></datafield><datafield ind1=" " ind2="7" tag="072"><subfield code="a">dr</subfield><subfield code="2">rero</subfield></datafield><datafield ind1=" " ind2="7" tag="072"><subfield code="a">rn</subfield><subfield code="2">SzZuIDS BS/BE</subfield></datafield><datafield ind1=" " ind2="7" tag="072"><subfield code="a">ra</subfield><subfield code="2">SzZuIDS BS/BE</subfield></datafield><datafield ind1="1" ind2="4" tag="082"><subfield code="a">340</subfield><subfield code="2">15</subfield></datafield><datafield ind1=" " ind2=" " tag="084"><subfield code="a">A 59 e</subfield><subfield code="2">cjurrom</subfield></datafield><datafield ind1="0" ind2="0" tag="245"><subfield code="a">&lt;&lt;Le&gt;&gt; dommage écologique en droit interne communautaire et comparé</subfield><subfield code="c">Société française pour le droit de l'environnement, Institut du droit de la paix et du développement</subfield></datafield><datafield ind1=" " ind2="1" tag="264"><subfield code="a">Paris</subfield><subfield code="b">Economica</subfield><subfield code="c">1992</subfield></datafield><datafield ind1=" " ind2=" " tag="300"><subfield code="a">254 S.</subfield><subfield code="b">Ill.</subfield><subfield code="c">24 cm</subfield></datafield><datafield ind1=" " ind2=" " tag="336"><subfield code="b">txt</subfield><subfield code="2">rdacontent</subfield></datafield><datafield ind1=" " ind2=" " tag="337"><subfield code="b">n</subfield><subfield code="2">rdamedia</subfield></datafield><datafield ind1=" " ind2=" " tag="338"><subfield code="b">nc</subfield><subfield code="2">rdacarrier</subfield></datafield><datafield ind1="1" ind2=" " tag="490"><subfield code="a">Droit et économie de l'environnement</subfield></datafield><datafield ind1=" " ind2=" " tag="500"><subfield code="a">Actes du colloque organisé les 21 et 22 mars 1991 à la faculté de droit, d'économie et de gestion de Nice Sophia-Antipolis</subfield></datafield><datafield ind1=" " ind2="7" tag="650"><subfield code="a">Umwelthaftpflicht</subfield><subfield code="x">Europäische Gemeinschaften</subfield><subfield code="v">Kongressbericht</subfield><subfield code="2">idsbb</subfield></datafield><datafield ind1=" " ind2="7" tag="650"><subfield code="a">Umwelthaftpflicht</subfield><subfield code="x">Rechtsvergleichung</subfield><subfield code="v">Kongressbericht</subfield><subfield code="2">idsbb</subfield></datafield><datafield ind1=" " ind2="7" tag="655"><subfield code="a">Konferenzschrift</subfield><subfield code="z">Nizza</subfield><subfield code="y">1991</subfield><subfield code="2">gnd-content</subfield></datafield><datafield ind1="2" ind2=" " tag="710"><subfield code="a">Société française pour le droit de l'environnement</subfield><subfield code="b">Colloque</subfield><subfield code="d">1992</subfield><subfield code="c">Nice</subfield><subfield code="0">(RERO)A012441680</subfield></datafield><datafield ind1="2" ind2=" " tag="710"><subfield code="a">Université de Nice-Sophia Antipolis</subfield><subfield code="b">Institut du droit de la paix et du développement</subfield><subfield code="b">Colloque</subfield><subfield code="d">1992</subfield><subfield code="c">Nice</subfield><subfield code="0">(RERO)A021706939</subfield><subfield code="6">880-03</subfield></datafield><datafield ind1="2" ind2=" " tag="880"><subfield code="a">Université de Nice-Sophia Antipolis</subfield><subfield code="b">Institut du droit de la paix et du développement</subfield><subfield code="b">Colloque</subfield><subfield code="0">(DE-588)1085740137</subfield><subfield code="6">710-03</subfield></datafield><datafield ind1=" " ind2=" " tag="830"><subfield code="a">Droit et économie de l'environnement</subfield><subfield code="w">(RERO)0143623-41slsp</subfield></datafield><datafield ind1=" " ind2=" " tag="900"><subfield code="a">REROnoselfmerge</subfield></datafield><datafield ind1=" " ind2=" " tag="961"><subfield code="2">gsi</subfield><subfield code="a">349.6</subfield><subfield code="9">LOCAL</subfield></datafield></record>
</metadata></record><resumptionToken>1900-01-01@all@UNIGE_ALL@marc21@5986450470005502</resumptionToken></ListRecords></OAI-PMH>